<!DOCTYPE html>
<meta charset="utf-8" />
<!-- version 1 -->
<title>[Gen 2] OU replay: Fear vs. Vileman</title>
<style>
html,body {font-family:Verdana, sans-serif;font-size:10pt;margin:0;padding:0;}body{padding:12px 0;} .battle-log {font-family:Verdana, sans-serif;font-size:10pt;} .battle-log-inline {border:1px solid #AAAAAA;background:#EEF2F5;color:black;max-width:640px;margin:0 auto 80px;padding-bottom:5px;} .battle-log .inner {padding:4px 8px 0px 8px;} .battle-log .inner-preempt {padding:0 8px 4px 8px;} .battle-log .inner-after {margin-top:0.5em;} .battle-log h2 {margin:0.5em -8px;padding:4px 8px;border:1px solid #AAAAAA;background:#E0E7EA;border-left:0;border-right:0;font-family:Verdana, sans-serif;font-size:13pt;} .battle-log .chat {vertical-align:middle;padding:3px 0 3px 0;font-size:8pt;} .battle-log .chat strong {color:#40576A;} .battle-log .chat em {padding:1px 4px 1px 3px;color:#000000;font-style:normal;} .chat.mine {background:rgba(0,0,0,0.05);margin-left:-8px;margin-right:-8px;padding-left:8px;padding-right:8px;} .spoiler {color:#BBBBBB;background:#BBBBBB;padding:0px 3px;} .spoiler:hover, .spoiler:active, .spoiler-shown {color:#000000;background:#E2E2E2;padding:0px 3px;} .spoiler a {color:#BBBBBB;} .spoiler:hover a, .spoiler:active a, .spoiler-shown a {color:#2288CC;} .chat code, .chat .spoiler:hover code, .chat .spoiler:active code, .chat .spoiler-shown code {border:1px solid #C0C0C0;background:#EEEEEE;color:black;padding:0 2px;} .chat .spoiler code {border:1px solid #CCCCCC;background:#CCCCCC;color:#CCCCCC;} .battle-log .rated {padding:3px 4px;} .battle-log .rated strong {color:white;background:#89A;padding:1px 4px;border-radius:4px;} .spacer {margin-top:0.5em;} .message-announce {background:#6688AA;color:white;padding:1px 4px 2px;} .message-announce a, .broadcast-green a, .broadcast-blue a, .broadcast-red a {color:#DDEEFF;} .broadcast-green {background-color:#559955;color:white;padding:2px 4px;} .broadcast-blue {background-color:#6688AA;color:white;padding:2px 4px;} .infobox {border:1px solid #6688AA;padding:2px 4px;} .infobox-limited {max-height:200px;overflow:auto;overflow-x:hidden;} .broadcast-red {background-color:#AA5544;color:white;padding:2px 4px;} .message-learn-canlearn {font-weight:bold;color:#228822;text-decoration:underline;} .message-learn-cannotlearn {font-weight:bold;color:#CC2222;text-decoration:underline;} .message-effect-weak {font-weight:bold;color:#CC2222;} .message-effect-resist {font-weight:bold;color:#6688AA;} .message-effect-immune {font-weight:bold;color:#666666;} .message-learn-list {margin-top:0;margin-bottom:0;} .message-throttle-notice, .message-error {color:#992222;} .message-overflow, .chat small.message-overflow {font-size:0pt;} .message-overflow::before {font-size:9pt;content:'...';} .subtle {color:#3A4A66;}
</style>
<div class="wrapper replay-wrapper" style="max-width:1180px;margin:0 auto">
<input type="hidden" name="replayid" value="smogtours-gen2ou-299356" />
<div class="battle"></div><div class="battle-log"></div><div class="replay-controls"></div><div class="replay-controls-2"></div>
<h1 style="font-weight:normal;text-align:center"><strong>[Gen 2] OU</strong><br /><a href="http://pokemonshowdown.com/users/fear" class="subtle" target="_blank">Fear</a> vs. <a href="http://pokemonshowdown.com/users/vileman" class="subtle" target="_blank">Vileman</a></h1>
<script type="text/plain" class="battle-log-data">|J|Fear
|J|Vileman
|player|p1|Fear|169
|teamsize|p1|6
|player|p2|Vileman|92
|teamsize|p2|6
|gametype|singles
|gen|2
|tier|[Gen 2] OU
|seed|46099,1061,5471,41208
|rule|Sleep Clause Mod: Limit one foe put to sleep
|rule|Species Clause: Limit one of each Pokémon
|rule|OHKO Clause: OHKO moves are banned
|rule|Evasion Moves Clause: Evasion moves are banned
|rule|HP Percentage Mod: HP is shown in percentages
|
|start
|switch|p1a: Jynx|Jynx, F|333\/333
|switch|p2a: Snorlax|Snorlax, M|523\/523
|turn|1
|J|Updated Kanto
|J|Ace11
|J|H.M.N.I.P
|J|SweetPosho
|c|☆Vileman|GL
|J|London Beats
|J|ET3RN4M ♪♪♪
|J|hero
|J|roudolf13
|J|Mysterious M
|J|Heroic Troller
|J|Finchinator
|J|Blackoblivion
|J|ggggd
|c|+hero|VILEMANOOOOOOOOOOOO
|c|+Finchinator|gogo
|J|drew
|J|Sakis
|c|+Finchinator|vile
|J|giara ★_★
|J|Lcans%$%
|c|+ET3RN4M ♪♪♪|in
|c|+roudolf13|in
|J|Alolan͏
|J|Help1
|J|tigers jaw
|c|+ggggd|gooo vile *-*
|J|Aurious
|c|+drew|gogo Vile-ranger
|c|+Lcans%$%|Go go Vile
|c|+hero|*-*
|J|wild drud
|c|+London Beats|vile +-+
|J|R!cardo
|J|Mr.378
|J|Enki❄
|J|Sally♥Cinnamonn
|J|urban
|J|blunderr
|c|+SweetPosho|:P
|c|+wild drud|out
|c|+SweetPosho|P:
|c|+Mr.378|FEAR
|J|Eren.
|J|p2
|J|Luispeikou ツ
|c|+hero|:[|]
|c|+Eren.|VAMOS VILEMAN
|c|+Luispeikou ツ|goo vileman
|c|+Updated Kanto|GO LAA
|c|+p2|in
|J|tamahome
|J|ict
|c|+wild drud|id go chomper here
|J|Mizuhime
|J|ColonelM
|c|+ggggd|shut up slurmz
|c|☆Vileman|lov da fans but can a man get some modchat
|J|McMeghan
|c|+Finchinator|no.
|J|ThePokeMaestro#2
|c|+SweetPosho|n
|c|☆Vileman|drats
|J|Luigi
|c|+ggggd|no mod rn
|c|+ColonelM|Ay
|c|+drew|nevar
|inactive|Battle timer is ON: inactive players will automatically lose when time's up. (requested by Vileman)
|L|ThePokeMaestro#2
|L|Sally♥Cinnamonn
|J|Pohjis
|c|+hero|timer: requested
|J|amberrlamps
|J|Strealet❄
|c|+SweetPosho|wincon
|J|Sally♥Cinnamonn
|L|Sally♥Cinnamonn
|c|+Eren.|timer win: prepared
|J|Peasounay
|J|Freeroamer❄️
|raw|<div class="broadcast-red"><strong>Moderated chat was set to @!<\/strong><br \/>Only users of rank @ and higher can talk.<\/div>
|J|Lohgock
|J|peep this alt
|choice|move substitute|move doubleedge
|
|move|p1a: Jynx|Substitute|p1a: Jynx
|-start|p1a: Jynx|Substitute
|-damage|p1a: Jynx|250\/333
|move|p2a: Snorlax|Double-Edge|p1a: Jynx
|-end|p1a: Jynx|Substitute
|-damage|p2a: Snorlax|502\/523|[from] Recoil|[of] p1a: Jynx
|
|-heal|p1a: Jynx|270\/333|[from] item: Leftovers
|-heal|p2a: Snorlax|523\/523|[from] item: Leftovers
|upkeep
|turn|2
|J|aSMALLfish
|J|TheThorn
|J|parivard☎☀️
|choice|move lovelykiss|move doubleedge
|
|move|p1a: Jynx|Lovely Kiss|p2a: Snorlax
|-status|p2a: Snorlax|slp
|cant|p2a: Snorlax|slp
|
|-heal|p1a: Jynx|290\/333|[from] item: Leftovers
|upkeep
|turn|3
|J|Eien
|J|King Kadoobz
|L|Eren.
|L|parivard☎☀️
|J|toxigen734
|J|bop dash space
|J|p12023044
|J|Ojama
|J|Twixtry
|L|Twixtry
|J|johhhn wayyyne
|J|marrano
|J|Kingler12345
|choice|switch 4|move doubleedge
|
|switch|p1a: Forretress|Forretress, M|353\/353
|cant|p2a: Snorlax|slp
|
|upkeep
|turn|4
|J|Vubon
|J|Ilsolitostronzo
|L|SweetPosho
|choice|move spikes|move fireblast
|
|move|p1a: Forretress|Spikes|p2a: Snorlax
|-sidestart|p2: Vileman|Spikes
|cant|p2a: Snorlax|slp
|
|upkeep
|turn|5
|J|sabella
|choice|switch 5|move doubleedge
|
|switch|p1a: Golem|Golem, M|363\/363
|-curestatus|p2a: Snorlax|slp|[msg]
|move|p2a: Snorlax|Double-Edge|p1a: Golem
|-resisted|p1a: Golem
|-damage|p1a: Golem|302\/363
|-damage|p2a: Snorlax|508\/523|[from] Recoil|[of] p1a: Golem
|
|-heal|p1a: Golem|324\/363|[from] item: Leftovers
|-heal|p2a: Snorlax|523\/523|[from] item: Leftovers
|upkeep
|turn|6
|L|Alolan͏
|choice|move earthquake|switch 3
|
|switch|p2a: Skarmory|Skarmory, M|333\/333
|move|p1a: Golem|Earthquake|p2a: Skarmory
|-immune|p2a: Skarmory|[msg]
|
|-heal|p1a: Golem|346\/363|[from] item: Leftovers
|upkeep
|turn|7
|J|Eren.
|J|GoodKidMaadCelysi
|J|kory2600""
|J|Bhris Brown
|choice|move roar|move thief
|
|move|p2a: Skarmory|Thief|p1a: Golem
|-damage|p1a: Golem|320\/363
|move|p1a: Golem|Roar|p2a: Skarmory
|drag|p2a: Gengar|Gengar, M|323\/323
|-damage|p2a: Gengar|283\/323|[from] Spikes
|
|-heal|p2a: Gengar|303\/323|[from] item: Leftovers
|-heal|p1a: Golem|342\/363|[from] item: Leftovers
|upkeep
|turn|8
|J|Sally♥Cinnamonn
|J|sHoGaRtH
|J|ItzViper482
|c|☆Vileman|wait
|J|Alolan͏
|L|Bhris Brown
|c|☆Vileman|did i really not check that
|c|☆Vileman|lmao
|c|☆Fear|:-\/
|J|shaian ✿
|J|Whims of Fate
|J|Tobes
|c|☆Vileman|i even checked the team with like 5 ppl and noone pointed that out
|c|☆Vileman|welp
|J|Pearl ❤
|c|☆Fear|dont blame me
|c|☆Fear|you were the one rushing
|c|☆Vileman|not blaming u just sayin
|L|Sally♥Cinnamonn
|c|☆Vileman|its funny
|c|☆Fear|i wanted to drink my coffee
|J|starmaster
|c|☆Fear|yeh
|L|ict
|c|☆Fear|i know, i'm like kidding onthis side
|c|☆Fear|cause is obviously really good for me
|choice|move earthquake|switch 5
|
|switch|p2a: Skarmory|Skarmory, M|333\/333
|move|p1a: Golem|Earthquake|p2a: Skarmory
|-immune|p2a: Skarmory|[msg]
|
|-heal|p1a: Golem|363\/363|[from] item: Leftovers
|upkeep
|turn|9
|L|ItzViper482
|J|bacos e turritos
|J|The Idiot Ninja
|choice|move roar|move whirlwind
|
|move|p2a: Skarmory|Whirlwind|p1a: Golem
|-fail|p1a: Golem
|move|p1a: Golem|Roar|p2a: Skarmory
|drag|p2a: Zapdos|Zapdos|383\/383
|
|upkeep
|turn|10
|J|Sken
|J|alain blunt
|J|xray✦
|J|Sally♥Cinnamonn
|L|Sally♥Cinnamonn
|L|starmaster
|choice|switch 6|move hiddenpower
|
|switch|p1a: Snorlax|Snorlax, M|523\/523
|move|p2a: Zapdos|Hidden Power|p1a: Snorlax
|-damage|p1a: Snorlax|458\/523
|
|-heal|p1a: Snorlax|490\/523|[from] item: Leftovers
|upkeep
|turn|11
|J|Have one on me
|J|starmaster
|choice|move flamethrower|move thunder
|
|move|p2a: Zapdos|Thunder|p1a: Snorlax
|-damage|p1a: Snorlax|327\/523
|move|p1a: Snorlax|Flamethrower|p2a: Zapdos
|-damage|p2a: Zapdos|318\/383
|
|-heal|p2a: Zapdos|341\/383|[from] item: Leftovers
|-heal|p1a: Snorlax|359\/523|[from] item: Leftovers
|upkeep
|turn|12
|J|loud abovt us
|J|Bushtush
|L|Bushtush
|choice|move curse|move thunder
|
|move|p2a: Zapdos|Thunder|p1a: Snorlax
|-crit|p1a: Snorlax
|-damage|p1a: Snorlax|49\/523
|-status|p1a: Snorlax|par
|cant|p1a: Snorlax|par
|
|-heal|p2a: Zapdos|364\/383|[from] item: Leftovers
|-heal|p1a: Snorlax|81\/523 par|[from] item: Leftovers
|upkeep
|turn|13
|J|Majaspic22
|c|☆Vileman|soz
|J|Melle2402
|J|Derk ❄∞¬$
|L|bacos e turritos
|J|GOAO
|J|Lavos
|J|QARp
|J|Alice Kazumi☆
|choice|switch 3|move thunder
|
|switch|p1a: Exeggutor|Exeggutor, M|393\/393
|move|p2a: Zapdos|Thunder|p1a: Exeggutor
|-resisted|p1a: Exeggutor
|-damage|p1a: Exeggutor|292\/393
|
|-heal|p2a: Zapdos|383\/383|[from] item: Leftovers
|-heal|p1a: Exeggutor|316\/393|[from] item: Leftovers
|upkeep
|turn|14
|L|QARp
|J|marcop9923
|L|marcop9923
|L|Lavos
|L|starmaster
|choice|switch 4|move hiddenpower
|
|switch|p1a: Jynx|Jynx, F|290\/333
|move|p2a: Zapdos|Hidden Power|p1a: Jynx
|-resisted|p1a: Jynx
|-damage|p1a: Jynx|260\/333
|
|-heal|p1a: Jynx|280\/333|[from] item: Leftovers
|upkeep
|turn|15
|J|starmaster
|J|Lavos
|J|Sacri'
|choice|move icebeam|move thunder
|
|move|p2a: Zapdos|Thunder|p1a: Jynx
|-damage|p1a: Jynx|107\/333
|move|p1a: Jynx|Ice Beam|p2a: Zapdos
|-supereffective|p2a: Zapdos
|-damage|p2a: Zapdos|95\/383
|-status|p2a: Zapdos|frz
|
|-heal|p2a: Zapdos|118\/383 frz|[from] item: Leftovers
|-heal|p1a: Jynx|127\/333|[from] item: Leftovers
|upkeep
|turn|16
|c|☆Vileman|karma
|J|ALilPieceOfHeaven
|J|silverwhiteblue
|J|Bro Kappa
|choice|move lovelykiss|switch 3
|
|switch|p2a: Snorlax|Snorlax, M|523\/523
|-damage|p2a: Snorlax|458\/523|[from] Spikes
|move|p1a: Jynx|Lovely Kiss|p2a: Snorlax
|-status|p2a: Snorlax|slp
|
|-heal|p1a: Jynx|147\/333|[from] item: Leftovers
|-heal|p2a: Snorlax|490\/523 slp|[from] item: Leftovers
|upkeep
|turn|17
|L|Lavos
|L|ALilPieceOfHeaven
|J|wlsdx66
|choice|switch 3|move doubleedge
|
|switch|p1a: Snorlax|Snorlax, M|81\/523 par
|cant|p2a: Snorlax|slp
|
|-heal|p2a: Snorlax|522\/523 slp|[from] item: Leftovers
|-heal|p1a: Snorlax|113\/523 par|[from] item: Leftovers
|upkeep
|turn|18
|choice|move rest|move doubleedge
|
|cant|p2a: Snorlax|slp
|move|p1a: Snorlax|Rest|p1a: Snorlax
|-status|p1a: Snorlax|slp
|-heal|p1a: Snorlax|523\/523 slp|[silent]
|-status|p1a: Snorlax|slp|[from] move: Rest
|
|-heal|p2a: Snorlax|523\/523 slp|[from] item: Leftovers
|upkeep
|turn|19
|J|Korby'--'
|J|Sally♥Cinnamonn
|choice|move curse|move curse
|
|cant|p2a: Snorlax|slp
|cant|p1a: Snorlax|slp
|
|upkeep
|turn|20
|L|johhhn wayyyne
|choice|move curse|move curse
|
|cant|p2a: Snorlax|slp
|cant|p1a: Snorlax|slp
|
|upkeep
|turn|21
|L|wlsdx66
|choice|switch 6|move curse
|
|switch|p1a: Golem|Golem, M|363\/363
|cant|p2a: Snorlax|slp
|
|upkeep
|turn|22
|choice|move earthquake|switch 6
|
|switch|p2a: Skarmory|Skarmory, M|333\/333
|move|p1a: Golem|Earthquake|p2a: Skarmory
|-immune|p2a: Skarmory|[msg]
|
|upkeep
|turn|23
|J|Finding True Love
|choice|move roar|move whirlwind
|
|move|p2a: Skarmory|Whirlwind|p1a: Golem
|-fail|p1a: Golem
|move|p1a: Golem|Roar|p2a: Skarmory
|drag|p2a: Snorlax|Snorlax, M|523\/523 slp
|-damage|p2a: Snorlax|458\/523 slp|[from] Spikes
|
|-heal|p2a: Snorlax|490\/523 slp|[from] item: Leftovers
|upkeep
|turn|24
|J|moonlit mile
|L|Sally♥Cinnamonn
|choice|move earthquake|switch 6
|
|switch|p2a: Skarmory|Skarmory, M|333\/333
|move|p1a: Golem|Earthquake|p2a: Skarmory
|-immune|p2a: Skarmory|[msg]
|
|upkeep
|turn|25
|choice|move roar|move thief
|
|move|p2a: Skarmory|Thief|p1a: Golem
|-damage|p1a: Golem|338\/363
|move|p1a: Golem|Roar|p2a: Skarmory
|drag|p2a: Cloyster|Cloyster, M|303\/303
|-damage|p2a: Cloyster|266\/303|[from] Spikes
|
|-heal|p2a: Cloyster|284\/303|[from] item: Leftovers
|-heal|p1a: Golem|360\/363|[from] item: Leftovers
|upkeep
|turn|26
|J|ict
|choice|switch 5|move spikes
|
|switch|p1a: Forretress|Forretress, M|353\/353
|move|p2a: Cloyster|Spikes|p1a: Forretress
|-sidestart|p1: Fear|Spikes
|
|-heal|p2a: Cloyster|302\/303|[from] item: Leftovers
|upkeep
|turn|27
|L|Sken
|J|We Three Kings
|J|Sally♥Cinnamonn
|L|Sally♥Cinnamonn
|choice|move rapidspin|move surf
|
|move|p2a: Cloyster|Surf|p1a: Forretress
|-damage|p1a: Forretress|220\/353
|move|p1a: Forretress|Rapid Spin|p2a: Cloyster
|-damage|p2a: Cloyster|292\/303
|-sideend|p1: Fear|Spikes|[from] move: Rapid Spin|[of] p1a: Forretress
|
|-heal|p2a: Cloyster|303\/303|[from] item: Leftovers
|-heal|p1a: Forretress|242\/353|[from] item: Leftovers
|upkeep
|turn|28
|J|Lavos
|L|starmaster
|choice|move toxic|move surf
|
|move|p2a: Cloyster|Surf|p1a: Forretress
|-damage|p1a: Forretress|107\/353
|move|p1a: Forretress|Toxic|p2a: Cloyster
|-status|p2a: Cloyster|tox
|
|-heal|p1a: Forretress|129\/353|[from] item: Leftovers
|upkeep
|turn|29
|choice|switch 4|move spikes
|
|switch|p1a: Exeggutor|Exeggutor, M|316\/393
|move|p2a: Cloyster|Spikes|p1a: Exeggutor
|-sidestart|p1: Fear|Spikes
|-damage|p2a: Cloyster|285\/303 tox|[from] tox|[of] p1a: Exeggutor
|
|-heal|p2a: Cloyster|303\/303 tox|[from] item: Leftovers
|-heal|p1a: Exeggutor|340\/393|[from] item: Leftovers
|upkeep
|turn|30
|J|famu❀
|choice|move leechseed|switch 2
|
|switch|p2a: Skarmory|Skarmory, M|333\/333
|move|p1a: Exeggutor|Leech Seed|p2a: Skarmory
|-start|p2a: Skarmory|move: Leech Seed
|
|-heal|p1a: Exeggutor|364\/393|[from] item: Leftovers
|upkeep
|turn|31
|choice|switch 5|move drillpeck
|
|switch|p1a: Golem|Golem, M|360\/363
|-damage|p1a: Golem|315\/363|[from] Spikes
|move|p2a: Skarmory|Drill Peck|p1a: Golem
|-resisted|p1a: Golem
|-damage|p1a: Golem|278\/363
|-damage|p2a: Skarmory|292\/333|[from] Leech Seed|[of] p1a: Golem
|-heal|p1a: Golem|319\/363|[silent]
|
|-heal|p2a: Skarmory|312\/333|[from] item: Leftovers
|-heal|p1a: Golem|341\/363|[from] item: Leftovers
|upkeep
|turn|32
|choice|move earthquake|move whirlwind
|
|move|p1a: Golem|Earthquake|p2a: Skarmory
|-immune|p2a: Skarmory|[msg]
|move|p2a: Skarmory|Whirlwind|p1a: Golem
|drag|p1a: Zapdos|Zapdos|383\/383
|-damage|p2a: Skarmory|271\/333|[from] Leech Seed|[of] p1a: Zapdos
|
|-heal|p2a: Skarmory|291\/333|[from] item: Leftovers
|upkeep
|turn|33
|L|Lavos
|J|Lavos
|J|Ary
|L|p12023044
|choice|switch 2|switch 3
|
|switch|p1a: Golem|Golem, M|341\/363
|-damage|p1a: Golem|296\/363|[from] Spikes
|switch|p2a: Zapdos|Zapdos|118\/383 frz
|
|-heal|p2a: Zapdos|141\/383 frz|[from] item: Leftovers
|-heal|p1a: Golem|318\/363|[from] item: Leftovers
|upkeep
|turn|34
|J|ItzViper482
|choice|move rockslide|move hiddenpower
|
|cant|p2a: Zapdos|frz
|move|p1a: Golem|Rock Slide|p2a: Zapdos|[miss]
|-miss|p1a: Golem|p2a: Zapdos
|
|-heal|p2a: Zapdos|164\/383 frz|[from] item: Leftovers
|-heal|p1a: Golem|340\/363|[from] item: Leftovers
|upkeep
|turn|35
|J|choolio
|J|Lord Ninjax
|L|Lord Ninjax
|J|Sken
|J|Level 51 ミ☆
|J|I'm Rick Astley
|L|ict
|L|Level 51 ミ☆
|choice|move rockslide|move hiddenpower
|
|cant|p2a: Zapdos|frz
|move|p1a: Golem|Rock Slide|p2a: Zapdos
|-supereffective|p2a: Zapdos
|-damage|p2a: Zapdos|0 fnt
|faint|p2a: Zapdos
|J|kratosmana✪
|choice||switch 2
|
|switch|p2a: Cloyster|Cloyster, M|303\/303 tox
|-status|p2a: Cloyster|psn
|-damage|p2a: Cloyster|266\/303 psn|[from] Spikes
|
|-heal|p2a: Cloyster|284\/303 psn|[from] item: Leftovers
|-heal|p1a: Golem|362\/363|[from] item: Leftovers
|upkeep
|turn|36
|L|silverwhiteblue
|L|Eien
|choice|switch 5|move toxic
|
|switch|p1a: Exeggutor|Exeggutor, M|364\/393
|-damage|p1a: Exeggutor|315\/393|[from] Spikes
|move|p2a: Cloyster|Toxic|p1a: Exeggutor
|-status|p1a: Exeggutor|tox
|-damage|p2a: Cloyster|247\/303 psn|[from] psn|[of] p1a: Exeggutor
|
|-heal|p2a: Cloyster|265\/303 psn|[from] item: Leftovers
|-heal|p1a: Exeggutor|339\/393 tox|[from] item: Leftovers
|upkeep
|turn|37
|L|GoodKidMaadCelysi
|J|Adam the First
|J|RU Gengar
|choice|move leechseed|switch 3
|
|switch|p2a: Skarmory|Skarmory, M|291\/333
|move|p1a: Exeggutor|Leech Seed|p2a: Skarmory
|-start|p2a: Skarmory|move: Leech Seed
|-damage|p1a: Exeggutor|315\/393 tox|[from] tox|[of] p2a: Skarmory
|
|-heal|p2a: Skarmory|311\/333|[from] item: Leftovers
|-heal|p1a: Exeggutor|339\/393 tox|[from] item: Leftovers
|upkeep
|turn|38
|J|Frania ☆
|L|toxigen734
|choice|move gigadrain|switch 3
|
|switch|p2a: Cloyster|Cloyster, M|265\/303 psn
|-damage|p2a: Cloyster|228\/303 psn|[from] Spikes
|-damage|p2a: Cloyster|191\/303 psn|[from] psn
|move|p1a: Exeggutor|Giga Drain|p2a: Cloyster
|-supereffective|p2a: Cloyster
|-damage|p2a: Cloyster|0 fnt
|-heal|p1a: Exeggutor|393\/393 tox|[from] drain|[of] p2a: Cloyster
|faint|p2a: Cloyster
|J|silverwhiteblue
|c|☆Fear|gotcha
|c|☆Vileman|dam
|c|☆Vileman|yea
|J|Demantoid(⊙﹏﹏﹏﹏⊙✿)
|L|Frania ☆
|choice||switch 3
|
|switch|p2a: Skarmory|Skarmory, M|311\/333
|
|-heal|p2a: Skarmory|331\/333|[from] item: Leftovers
|upkeep
|turn|39
|J|Lord Ninjax
|J|TUO
|choice|switch 2|move drillpeck
|
|switch|p1a: Zapdos|Zapdos|383\/383
|move|p2a: Skarmory|Drill Peck|p1a: Zapdos
|-resisted|p1a: Zapdos
|-damage|p1a: Zapdos|334\/383
|
|-heal|p1a: Zapdos|357\/383|[from] item: Leftovers
|-heal|p2a: Skarmory|333\/333|[from] item: Leftovers
|upkeep
|turn|40
|L|ItzViper482
|choice|switch 4|switch 4
|
|switch|p1a: Forretress|Forretress, M|129\/353
|-damage|p1a: Forretress|85\/353|[from] Spikes
|switch|p2a: Raikou|Raikou|367\/367
|-damage|p2a: Raikou|322\/367|[from] Spikes
|
|-heal|p2a: Raikou|344\/367|[from] item: Leftovers
|-heal|p1a: Forretress|107\/353|[from] item: Leftovers
|upkeep
|turn|41
|J|Top album
|choice|switch 2|move thunder
|
|switch|p1a: Exeggutor|Exeggutor, M|393\/393 tox
|-status|p1a: Exeggutor|psn
|-damage|p1a: Exeggutor|344\/393 psn|[from] Spikes
|-damage|p1a: Exeggutor|295\/393 psn|[from] psn
|move|p2a: Raikou|Thunder|p1a: Exeggutor
|-resisted|p1a: Exeggutor
|-damage|p1a: Exeggutor|185\/393 psn
|
|-heal|p2a: Raikou|366\/367|[from] item: Leftovers
|-heal|p1a: Exeggutor|209\/393 psn|[from] item: Leftovers
|upkeep
|turn|42
|J|starmaster
|L|Top album
|J|JetOU
|J|ludicrousman
|J|Matame
|L|ggggd
|J|scarfWynaut
|J|Fakkesi
|J|ggggd
|J|rafooa11
|L|scarfWynaut
|choice|switch 6|switch 4
|
|switch|p2a: Skarmory|Skarmory, M|333\/333
|switch|p1a: Snorlax|Snorlax, M|523\/523 slp
|-damage|p1a: Snorlax|458\/523 slp|[from] Spikes
|
|-heal|p1a: Snorlax|490\/523 slp|[from] item: Leftovers
|upkeep
|turn|43
|L|rafooa11
|choice|move flamethrower|switch 5
|
|switch|p2a: Gengar|Gengar, M|303\/323
|-damage|p2a: Gengar|263\/323|[from] Spikes
|-curestatus|p1a: Snorlax|slp|[msg]
|move|p1a: Snorlax|Flamethrower|p2a: Gengar
|-damage|p2a: Gengar|199\/323
|
|-heal|p2a: Gengar|219\/323|[from] item: Leftovers
|-heal|p1a: Snorlax|522\/523|[from] item: Leftovers
|upkeep
|turn|44
|L|moonlit mile
|choice|move curse|move dynamicpunch
|
|move|p2a: Gengar|Dynamic Punch|p1a: Snorlax
|-supereffective|p1a: Snorlax
|-damage|p1a: Snorlax|365\/523
|-start|p1a: Snorlax|confusion
|-activate|p1a: Snorlax|confusion
|-damage|p1a: Snorlax|317\/523|[from] confusion
|
|-heal|p2a: Gengar|239\/323|[from] item: Leftovers
|-heal|p1a: Snorlax|349\/523|[from] item: Leftovers
|upkeep
|turn|45
|choice|move curse|move icepunch
|
|move|p2a: Gengar|Ice Punch|p1a: Snorlax
|-damage|p1a: Snorlax|282\/523
|-end|p1a: Snorlax|confusion
|move|p1a: Snorlax|Curse|p1a: Snorlax
|-unboost|p1a: Snorlax|spe|1
|-boost|p1a: Snorlax|atk|1
|-boost|p1a: Snorlax|def|1
|
|-heal|p2a: Gengar|259\/323|[from] item: Leftovers
|-heal|p1a: Snorlax|314\/523|[from] item: Leftovers
|upkeep
|turn|46
|J|toxigen734
|L|tigers jaw
|L|Lavos
|L|starmaster
|choice|move rest|move dynamicpunch
|
|move|p2a: Gengar|Dynamic Punch|p1a: Snorlax
|-supereffective|p1a: Snorlax
|-damage|p1a: Snorlax|202\/523
|-start|p1a: Snorlax|confusion
|-activate|p1a: Snorlax|confusion
|-damage|p1a: Snorlax|153\/523|[from] confusion
|
|-heal|p2a: Gengar|279\/323|[from] item: Leftovers
|-heal|p1a: Snorlax|185\/523|[from] item: Leftovers
|upkeep
|turn|47
|J|SOULWIND❄
|choice|move rest|move icepunch
|
|move|p2a: Gengar|Ice Punch|p1a: Snorlax
|-damage|p1a: Snorlax|115\/523
|-activate|p1a: Snorlax|confusion
|move|p1a: Snorlax|Rest|p1a: Snorlax
|-status|p1a: Snorlax|slp
|-heal|p1a: Snorlax|523\/523 slp|[silent]
|-status|p1a: Snorlax|slp|[from] move: Rest
|
|-heal|p2a: Gengar|299\/323|[from] item: Leftovers
|upkeep
|turn|48
|J|tigers jaw
|J|starmaster
|choice|move flamethrower|move dynamicpunch
|
|move|p2a: Gengar|Dynamic Punch|p1a: Snorlax
|-supereffective|p1a: Snorlax
|-damage|p1a: Snorlax|418\/523 slp
|cant|p1a: Snorlax|slp
|
|-heal|p2a: Gengar|319\/323|[from] item: Leftovers
|-heal|p1a: Snorlax|450\/523 slp|[from] item: Leftovers
|upkeep
|turn|49
|choice|move rest|move icepunch
|
|move|p2a: Gengar|Ice Punch|p1a: Snorlax
|-damage|p1a: Snorlax|389\/523 slp
|cant|p1a: Snorlax|slp
|
|-heal|p2a: Gengar|323\/323|[from] item: Leftovers
|-heal|p1a: Snorlax|421\/523 slp|[from] item: Leftovers
|upkeep
|turn|50
|choice|move rest|move thunderbolt
|
|move|p2a: Gengar|Thunderbolt|p1a: Snorlax
|-damage|p1a: Snorlax|331\/523 slp
|-curestatus|p1a: Snorlax|slp|[msg]
|-activate|p1a: Snorlax|confusion
|-damage|p1a: Snorlax|282\/523|[from] confusion
|
|-heal|p1a: Snorlax|314\/523|[from] item: Leftovers
|upkeep
|turn|51
|L|starmaster
|J|Eccehom0
|choice|move rest|move thunderbolt
|
|move|p2a: Gengar|Thunderbolt|p1a: Snorlax
|-crit|p1a: Snorlax
|-damage|p1a: Snorlax|155\/523
|-activate|p1a: Snorlax|confusion
|move|p1a: Snorlax|Rest|p1a: Snorlax
|-status|p1a: Snorlax|slp
|-heal|p1a: Snorlax|523\/523 slp|[silent]
|-status|p1a: Snorlax|slp|[from] move: Rest
|
|upkeep
|turn|52
|choice|move flamethrower|switch 5
|
|switch|p2a: Skarmory|Skarmory, M|333\/333
|cant|p1a: Snorlax|slp
|
|upkeep
|turn|53
|J|Corazan ☾
|choice|move flamethrower|move whirlwind
|
|cant|p1a: Snorlax|slp
|move|p2a: Skarmory|Whirlwind|p1a: Snorlax
|drag|p1a: Exeggutor|Exeggutor, M|209\/393 psn
|-damage|p1a: Exeggutor|160\/393 psn|[from] Spikes
|
|-heal|p1a: Exeggutor|184\/393 psn|[from] item: Leftovers
|upkeep
|turn|54
|choice|switch 4|move whirlwind
|
|switch|p1a: Zapdos|Zapdos|357\/383
|move|p2a: Skarmory|Whirlwind|p1a: Zapdos
|drag|p1a: Snorlax|Snorlax, M|523\/523 slp
|-damage|p1a: Snorlax|458\/523 slp|[from] Spikes
|
|-heal|p1a: Snorlax|490\/523 slp|[from] item: Leftovers
|upkeep
|turn|55
|choice|move flamethrower|move drillpeck
|
|move|p2a: Skarmory|Drill Peck|p1a: Snorlax
|-damage|p1a: Snorlax|383\/523 slp
|-curestatus|p1a: Snorlax|slp|[msg]
|move|p1a: Snorlax|Flamethrower|p2a: Skarmory
|-supereffective|p2a: Skarmory
|-damage|p2a: Skarmory|195\/333
|
|-heal|p2a: Skarmory|215\/333|[from] item: Leftovers
|-heal|p1a: Snorlax|415\/523|[from] item: Leftovers
|upkeep
|turn|56
|choice|move flamethrower|switch 5
|
|switch|p2a: Gengar|Gengar, M|323\/323
|-damage|p2a: Gengar|283\/323|[from] Spikes
|move|p1a: Snorlax|Flamethrower|p2a: Gengar
|-damage|p2a: Gengar|216\/323
|
|-heal|p2a: Gengar|236\/323|[from] item: Leftovers
|-heal|p1a: Snorlax|447\/523|[from] item: Leftovers
|upkeep
|turn|57
|choice|move curse|move dynamicpunch
|
|move|p2a: Gengar|Dynamic Punch|p1a: Snorlax|[miss]
|-miss|p2a: Gengar|p1a: Snorlax
|move|p1a: Snorlax|Curse|p1a: Snorlax
|-unboost|p1a: Snorlax|spe|1
|-boost|p1a: Snorlax|atk|1
|-boost|p1a: Snorlax|def|1
|
|-heal|p2a: Gengar|256\/323|[from] item: Leftovers
|-heal|p1a: Snorlax|479\/523|[from] item: Leftovers
|upkeep
|turn|58
|J|Larlev
|J|ict
|choice|move flamethrower|move dynamicpunch
|
|move|p2a: Gengar|Dynamic Punch|p1a: Snorlax|[miss]
|-miss|p2a: Gengar|p1a: Snorlax
|move|p1a: Snorlax|Flamethrower|p2a: Gengar
|-damage|p2a: Gengar|191\/323
|
|-heal|p2a: Gengar|211\/323|[from] item: Leftovers
|-heal|p1a: Snorlax|511\/523|[from] item: Leftovers
|upkeep
|turn|59
|L|xray✦
|choice|move flamethrower|move dynamicpunch
|
|move|p2a: Gengar|Dynamic Punch|p1a: Snorlax
|-supereffective|p1a: Snorlax
|-damage|p1a: Snorlax|406\/523
|-start|p1a: Snorlax|confusion
|-activate|p1a: Snorlax|confusion
|-damage|p1a: Snorlax|357\/523|[from] confusion
|
|-heal|p2a: Gengar|231\/323|[from] item: Leftovers
|-heal|p1a: Snorlax|389\/523|[from] item: Leftovers
|upkeep
|turn|60
|J|lopunny kicks
|choice|move rest|move thunderbolt
|
|move|p2a: Gengar|Thunderbolt|p1a: Snorlax
|-damage|p1a: Snorlax|312\/523
|-activate|p1a: Snorlax|confusion
|move|p1a: Snorlax|Rest|p1a: Snorlax
|-status|p1a: Snorlax|slp
|-heal|p1a: Snorlax|523\/523 slp|[silent]
|-status|p1a: Snorlax|slp|[from] move: Rest
|
|-heal|p2a: Gengar|251\/323|[from] item: Leftovers
|upkeep
|turn|61
|choice|move flamethrower|switch 5
|
|switch|p2a: Skarmory|Skarmory, M|215\/333
|cant|p1a: Snorlax|slp
|
|-heal|p2a: Skarmory|235\/333|[from] item: Leftovers
|upkeep
|turn|62
|J|johhhn wayyyne
|choice|move flamethrower|move whirlwind
|
|cant|p1a: Snorlax|slp
|move|p2a: Skarmory|Whirlwind|p1a: Snorlax
|drag|p1a: Forretress|Forretress, M|107\/353
|-damage|p1a: Forretress|63\/353|[from] Spikes
|
|-heal|p2a: Skarmory|255\/333|[from] item: Leftovers
|-heal|p1a: Forretress|85\/353|[from] item: Leftovers
|upkeep
|turn|63
|J|wist nd sht
|J|wlsdx66
|choice|move rapidspin|move drillpeck
|
|move|p2a: Skarmory|Drill Peck|p1a: Forretress
|-damage|p1a: Forretress|22\/353
|move|p1a: Forretress|Rapid Spin|p2a: Skarmory
|-resisted|p2a: Skarmory
|-damage|p2a: Skarmory|249\/333
|-sideend|p1: Fear|Spikes|[from] move: Rapid Spin|[of] p1a: Forretress
|
|-heal|p2a: Skarmory|269\/333|[from] item: Leftovers
|-heal|p1a: Forretress|44\/353|[from] item: Leftovers
|upkeep
|turn|64
|J|Reymedy×
|J|Lavos
|choice|switch 5|move drillpeck
|
|switch|p1a: Golem|Golem, M|362\/363
|move|p2a: Skarmory|Drill Peck|p1a: Golem
|-resisted|p1a: Golem
|-damage|p1a: Golem|327\/363
|
|-heal|p2a: Skarmory|289\/333|[from] item: Leftovers
|-heal|p1a: Golem|349\/363|[from] item: Leftovers
|upkeep
|turn|65
|J|EagleHeart
|choice|move roar|move whirlwind
|
|move|p2a: Skarmory|Whirlwind|p1a: Golem
|-fail|p1a: Golem
|move|p1a: Golem|Roar|p2a: Skarmory
|drag|p2a: Snorlax|Snorlax, M|490\/523 slp
|-damage|p2a: Snorlax|425\/523 slp|[from] Spikes
|
|-heal|p1a: Golem|363\/363|[from] item: Leftovers
|-heal|p2a: Snorlax|457\/523 slp|[from] item: Leftovers
|upkeep
|turn|66
|L|Demantoid(⊙﹏﹏﹏﹏⊙✿)
|L|famu❀
|choice|move earthquake|move curse
|
|move|p1a: Golem|Earthquake|p2a: Snorlax
|-damage|p2a: Snorlax|304\/523 slp
|cant|p2a: Snorlax|slp
|
|-heal|p2a: Snorlax|336\/523 slp|[from] item: Leftovers
|upkeep
|turn|67
|J|starmaster
|choice|move earthquake|switch 6
|
|switch|p2a: Skarmory|Skarmory, M|289\/333
|move|p1a: Golem|Earthquake|p2a: Skarmory
|-immune|p2a: Skarmory|[msg]
|
|-heal|p2a: Skarmory|309\/333|[from] item: Leftovers
|upkeep
|turn|68
|L|sabella
|L|Eren.
|choice|move roar|move drillpeck
|
|move|p2a: Skarmory|Drill Peck|p1a: Golem
|-resisted|p1a: Golem
|-damage|p1a: Golem|332\/363
|move|p1a: Golem|Roar|p2a: Skarmory
|drag|p2a: Snorlax|Snorlax, M|336\/523 slp
|-damage|p2a: Snorlax|271\/523 slp|[from] Spikes
|
|-heal|p1a: Golem|354\/363|[from] item: Leftovers
|-heal|p2a: Snorlax|303\/523 slp|[from] item: Leftovers
|upkeep
|turn|69
|J|Serene's Grace!
|choice|move roar|move curse
|
|-curestatus|p2a: Snorlax|slp|[msg]
|move|p2a: Snorlax|Curse|p2a: Snorlax
|-unboost|p2a: Snorlax|spe|1
|-boost|p2a: Snorlax|atk|1
|-boost|p2a: Snorlax|def|1
|move|p1a: Golem|Roar|p2a: Snorlax
|drag|p2a: Raikou|Raikou|366\/367
|-damage|p2a: Raikou|321\/367|[from] Spikes
|
|-heal|p2a: Raikou|343\/367|[from] item: Leftovers
|-heal|p1a: Golem|363\/363|[from] item: Leftovers
|upkeep
|turn|70
|J|DestinyUnknown
|J|zebraiken
|L|ggggd
|L|Lord Ninjax
|L|Alice Kazumi☆
|J|Averardo III♂
|choice|move roar|move reflect
|
|move|p2a: Raikou|Reflect|p2a: Raikou
|-sidestart|p2: Vileman|Reflect
|move|p1a: Golem|Roar|p2a: Raikou
|drag|p2a: Snorlax|Snorlax, M|303\/523
|-damage|p2a: Snorlax|238\/523|[from] Spikes
|
|-heal|p2a: Snorlax|270\/523|[from] item: Leftovers
|upkeep
|turn|71
|L|London Beats
|J|camel ass
|choice|move roar|move doubleedge
|
|move|p2a: Snorlax|Double-Edge|p1a: Golem
|-resisted|p1a: Golem
|-damage|p1a: Golem|303\/363
|-damage|p2a: Snorlax|255\/523|[from] Recoil|[of] p1a: Golem
|move|p1a: Golem|Roar|p2a: Snorlax
|drag|p2a: Gengar|Gengar, M|251\/323
|-damage|p2a: Gengar|211\/323|[from] Spikes
|
|-heal|p2a: Gengar|231\/323|[from] item: Leftovers
|-heal|p1a: Golem|325\/363|[from] item: Leftovers
|upkeep
|turn|72
|L|starmaster
|L|Lohgock
|L|JetOU
|L|Matame
|J|tttft
|J|Alice Kazumi☆
|J|JetOU
|J|Eren.
|J|TRHurricane
|J|reiku
|J|Heysup
|L|Eren.
|J|ItzViper482
|L|Heysup
|L|zebraiken
|choice|switch 2|move icepunch
|
|switch|p1a: Snorlax|Snorlax, M|523\/523 slp
|move|p2a: Gengar|Ice Punch|p1a: Snorlax
|-damage|p1a: Snorlax|457\/523 slp
|
|-heal|p2a: Gengar|251\/323|[from] item: Leftovers
|-heal|p1a: Snorlax|489\/523 slp|[from] item: Leftovers
|upkeep
|turn|73
|L|ColonelM
|L|urban
|L|tttft
|L|ItzViper482
|choice|switch 4|move dynamicpunch
|
|switch|p1a: Exeggutor|Exeggutor, M|184\/393 psn
|-damage|p1a: Exeggutor|135\/393 psn|[from] psn
|move|p2a: Gengar|Dynamic Punch|p1a: Exeggutor|[miss]
|-miss|p2a: Gengar|p1a: Exeggutor
|
|-heal|p2a: Gengar|271\/323|[from] item: Leftovers
|-heal|p1a: Exeggutor|159\/393 psn|[from] item: Leftovers
|upkeep
|turn|74
|J|ColonelM
|L|wild drud
|L|drew
|choice|switch 4|move icepunch
|
|switch|p1a: Snorlax|Snorlax, M|489\/523 slp
|move|p2a: Gengar|Ice Punch|p1a: Snorlax
|-damage|p1a: Snorlax|423\/523 slp
|
|-heal|p2a: Gengar|291\/323|[from] item: Leftovers
|-heal|p1a: Snorlax|455\/523 slp|[from] item: Leftovers
|-sideend|p2: Vileman|Reflect
|upkeep
|turn|75
|choice|move curse|move thunderbolt
|
|move|p2a: Gengar|Thunderbolt|p1a: Snorlax
|-damage|p1a: Snorlax|378\/523 slp
|-curestatus|p1a: Snorlax|slp|[msg]
|move|p1a: Snorlax|Curse|p1a: Snorlax
|-unboost|p1a: Snorlax|spe|1
|-boost|p1a: Snorlax|atk|1
|-boost|p1a: Snorlax|def|1
|
|-heal|p2a: Gengar|311\/323|[from] item: Leftovers
|-heal|p1a: Snorlax|410\/523|[from] item: Leftovers
|upkeep
|turn|76
|choice|move flamethrower|move icepunch
|
|move|p2a: Gengar|Ice Punch|p1a: Snorlax
|-damage|p1a: Snorlax|346\/523
|-status|p1a: Snorlax|frz
|cant|p1a: Snorlax|frz
|
|-heal|p2a: Gengar|323\/323|[from] item: Leftovers
|-heal|p1a: Snorlax|378\/523 frz|[from] item: Leftovers
|upkeep
|turn|77
|c|☆Vileman|:fishing_rod:
|c|☆Vileman|my b
|L|Fakkesi
|choice|move flamethrower|switch 6
|
|switch|p2a: Skarmory|Skarmory, M|309\/333
|cant|p1a: Snorlax|frz
|
|-heal|p2a: Skarmory|329\/333|[from] item: Leftovers
|-heal|p1a: Snorlax|410\/523 frz|[from] item: Leftovers
|upkeep
|turn|78
|choice|move flamethrower|move whirlwind
|
|cant|p1a: Snorlax|frz
|move|p2a: Skarmory|Whirlwind|p1a: Snorlax
|drag|p1a: Zapdos|Zapdos|357\/383
|
|-heal|p1a: Zapdos|380\/383|[from] item: Leftovers
|-heal|p2a: Skarmory|333\/333|[from] item: Leftovers
|upkeep
|turn|79
|L|toxigen734
|choice|move thunder|switch 4
|
|switch|p2a: Raikou|Raikou|343\/367
|-damage|p2a: Raikou|298\/367|[from] Spikes
|move|p1a: Zapdos|Thunder|p2a: Raikou|[miss]
|-miss|p1a: Zapdos|p2a: Raikou
|
|-heal|p2a: Raikou|320\/367|[from] item: Leftovers
|-heal|p1a: Zapdos|383\/383|[from] item: Leftovers
|upkeep
|turn|80
|J|Moony
|choice|move thunder|move thunder
|
|move|p2a: Raikou|Thunder|p1a: Zapdos|[miss]
|-miss|p2a: Raikou|p1a: Zapdos
|move|p1a: Zapdos|Thunder|p2a: Raikou|[miss]
|-miss|p1a: Zapdos|p2a: Raikou
|
|-heal|p2a: Raikou|342\/367|[from] item: Leftovers
|upkeep
|turn|81
|choice|switch 2|move reflect
|
|switch|p1a: Golem|Golem, M|325\/363
|move|p2a: Raikou|Reflect|p2a: Raikou
|-sidestart|p2: Vileman|Reflect
|
|-heal|p2a: Raikou|364\/367|[from] item: Leftovers
|-heal|p1a: Golem|347\/363|[from] item: Leftovers
|upkeep
|turn|82
|J|Xayahh
|choice|switch 6|move hiddenpower
|
|switch|p1a: Snorlax|Snorlax, M|410\/523 frz
|move|p2a: Raikou|Hidden Power|p1a: Snorlax
|-damage|p1a: Snorlax|347\/523 frz
|
|-heal|p2a: Raikou|367\/367|[from] item: Leftovers
|-heal|p1a: Snorlax|379\/523 frz|[from] item: Leftovers
|upkeep
|turn|83
|J|Z Strats
|J|le&ru❄ ✪
|J|smilzo
|choice|switch 6|move thunder
|
|switch|p1a: Golem|Golem, M|347\/363
|move|p2a: Raikou|Thunder|p1a: Golem
|-immune|p1a: Golem|[msg]
|
|-heal|p1a: Golem|363\/363|[from] item: Leftovers
|upkeep
|turn|84
|L|JetOU
|J|teamcali15
|choice|switch 6|move hiddenpower
|
|switch|p1a: Snorlax|Snorlax, M|379\/523 frz
|move|p2a: Raikou|Hidden Power|p1a: Snorlax
|-damage|p1a: Snorlax|321\/523 frz
|
|-heal|p1a: Snorlax|353\/523 frz|[from] item: Leftovers
|upkeep
|turn|85
|L|smilzo
|J|terrors
|choice|switch 6|move hiddenpower
|
|switch|p1a: Golem|Golem, M|363\/363
|move|p2a: Raikou|Hidden Power|p1a: Golem
|-supereffective|p1a: Golem
|-damage|p1a: Golem|32\/363
|
|-heal|p1a: Golem|54\/363|[from] item: Leftovers
|-sideend|p2: Vileman|Reflect
|upkeep
|turn|86
|choice|switch 2|move hiddenpower
|
|switch|p1a: Zapdos|Zapdos|383\/383
|move|p2a: Raikou|Hidden Power|p1a: Zapdos
|-damage|p1a: Zapdos|316\/383
|
|-heal|p1a: Zapdos|339\/383|[from] item: Leftovers
|upkeep
|turn|87
|L|DestinyUnknown
|choice|switch 2|move reflect
|
|switch|p1a: Golem|Golem, M|54\/363
|move|p2a: Raikou|Reflect|p2a: Raikou
|-sidestart|p2: Vileman|Reflect
|
|-heal|p1a: Golem|76\/363|[from] item: Leftovers
|upkeep
|turn|88
|J|lighthouses
|J|DestinyUnknown
|choice|switch 6|move hiddenpower
|
|switch|p1a: Snorlax|Snorlax, M|353\/523 frz
|move|p2a: Raikou|Hidden Power|p1a: Snorlax
|-damage|p1a: Snorlax|292\/523 frz
|
|-heal|p1a: Snorlax|324\/523 frz|[from] item: Leftovers
|upkeep
|turn|89
|J|smilzo
|choice|switch 2|switch 5
|
|switch|p2a: Snorlax|Snorlax, M|255\/523
|-damage|p2a: Snorlax|190\/523|[from] Spikes
|switch|p1a: Zapdos|Zapdos|339\/383
|
|-heal|p1a: Zapdos|362\/383|[from] item: Leftovers
|-heal|p2a: Snorlax|222\/523|[from] item: Leftovers
|upkeep
|turn|90
|J|LUCK>SKILL
|L|Alolan͏
|choice|switch 5|move rest
|
|switch|p1a: Forretress|Forretress, M|44\/353
|move|p2a: Snorlax|Rest|p2a: Snorlax
|-status|p2a: Snorlax|slp
|-heal|p2a: Snorlax|523\/523 slp|[silent]
|-status|p2a: Snorlax|slp|[from] move: Rest
|
|-heal|p1a: Forretress|66\/353|[from] item: Leftovers
|upkeep
|turn|91
|choice|switch 6|switch 4
|
|switch|p1a: Golem|Golem, M|76\/363
|switch|p2a: Skarmory|Skarmory, M|333\/333
|
|-heal|p1a: Golem|98\/363|[from] item: Leftovers
|-sideend|p2: Vileman|Reflect
|upkeep
|turn|92
|choice|move rockslide|move drillpeck
|
|move|p2a: Skarmory|Drill Peck|p1a: Golem
|-resisted|p1a: Golem
|-damage|p1a: Golem|63\/363
|move|p1a: Golem|Rock Slide|p2a: Skarmory
|-damage|p2a: Skarmory|254\/333
|
|-heal|p2a: Skarmory|274\/333|[from] item: Leftovers
|-heal|p1a: Golem|85\/363|[from] item: Leftovers
|upkeep
|turn|93
|J|xNibba
|L|silverwhiteblue
|L|Larlev
|J|JetOU
|choice|move rockslide|move drillpeck
|
|move|p2a: Skarmory|Drill Peck|p1a: Golem
|-resisted|p1a: Golem
|-damage|p1a: Golem|51\/363
|move|p1a: Golem|Rock Slide|p2a: Skarmory
|-damage|p2a: Skarmory|202\/333
|
|-heal|p2a: Skarmory|222\/333|[from] item: Leftovers
|-heal|p1a: Golem|73\/363|[from] item: Leftovers
|upkeep
|turn|94
|J|ENZ1
|choice|switch 5|move drillpeck
|
|switch|p1a: Zapdos|Zapdos|362\/383
|move|p2a: Skarmory|Drill Peck|p1a: Zapdos
|-resisted|p1a: Zapdos
|-damage|p1a: Zapdos|315\/383
|
|-heal|p1a: Zapdos|338\/383|[from] item: Leftovers
|-heal|p2a: Skarmory|242\/333|[from] item: Leftovers
|upkeep
|turn|95
|L|JetOU
|choice|move thunder|switch 5
|
|switch|p2a: Raikou|Raikou|367\/367
|-damage|p2a: Raikou|322\/367|[from] Spikes
|move|p1a: Zapdos|Thunder|p2a: Raikou
|-resisted|p2a: Raikou
|-damage|p2a: Raikou|241\/367
|-status|p2a: Raikou|par
|
|-heal|p1a: Zapdos|361\/383|[from] item: Leftovers
|-heal|p2a: Raikou|263\/367 par|[from] item: Leftovers
|upkeep
|turn|96
|choice|switch 4|move reflect
|
|switch|p1a: Exeggutor|Exeggutor, M|159\/393 psn
|-damage|p1a: Exeggutor|110\/393 psn|[from] psn
|move|p2a: Raikou|Reflect|p2a: Raikou
|-sidestart|p2: Vileman|Reflect
|
|-heal|p1a: Exeggutor|134\/393 psn|[from] item: Leftovers
|-heal|p2a: Raikou|285\/367 par|[from] item: Leftovers
|upkeep
|turn|97
|J|Leftiez
|J|Texas Cloverleaf
|J|depom
|choice|move psychic|switch 5
|
|switch|p2a: Skarmory|Skarmory, M|242\/333
|move|p1a: Exeggutor|Psychic|p2a: Skarmory
|-resisted|p2a: Skarmory
|-damage|p2a: Skarmory|164\/333
|-unboost|p2a: Skarmory|spd|1
|-damage|p1a: Exeggutor|85\/393 psn|[from] psn|[of] p2a: Skarmory
|
|-heal|p2a: Skarmory|184\/333|[from] item: Leftovers
|-heal|p1a: Exeggutor|109\/393 psn|[from] item: Leftovers
|upkeep
|turn|98
|L|ENZ1
|L|Corazan ☾
|choice|switch 4|move drillpeck
|
|switch|p1a: Zapdos|Zapdos|361\/383
|move|p2a: Skarmory|Drill Peck|p1a: Zapdos
|-resisted|p1a: Zapdos
|-damage|p1a: Zapdos|313\/383
|
|-heal|p1a: Zapdos|336\/383|[from] item: Leftovers
|-heal|p2a: Skarmory|204\/333|[from] item: Leftovers
|upkeep
|turn|99
|J|Dragonit
|J|Eyan
|choice|switch 6|switch 5
|
|switch|p1a: Forretress|Forretress, M|66\/353
|switch|p2a: Raikou|Raikou|285\/367 par
|-damage|p2a: Raikou|240\/367 par|[from] Spikes
|
|-heal|p1a: Forretress|88\/353|[from] item: Leftovers
|-heal|p2a: Raikou|262\/367 par|[from] item: Leftovers
|upkeep
|turn|100
|J|k3nan
|choice|move explosion|switch 5
|
|switch|p2a: Skarmory|Skarmory, M|204\/333
|move|p1a: Forretress|Explosion|p2a: Skarmory
|-resisted|p2a: Skarmory
|-damage|p2a: Skarmory|130\/333
|faint|p1a: Forretress
|choice|switch 5|
|
|switch|p1a: Golem|Golem, M|73\/363
|
|-heal|p2a: Skarmory|150\/333|[from] item: Leftovers
|-heal|p1a: Golem|95\/363|[from] item: Leftovers
|-sideend|p2: Vileman|Reflect
|upkeep
|turn|101
|J|sabella
|choice|move rockslide|move rest
|
|move|p2a: Skarmory|Rest|p2a: Skarmory
|-status|p2a: Skarmory|slp
|-heal|p2a: Skarmory|333\/333 slp|[silent]
|-status|p2a: Skarmory|slp|[from] move: Rest
|move|p1a: Golem|Rock Slide|p2a: Skarmory
|-damage|p2a: Skarmory|265\/333 slp
|
|-heal|p2a: Skarmory|285\/333 slp|[from] item: Leftovers
|-heal|p1a: Golem|117\/363|[from] item: Leftovers
|upkeep
|turn|102
|J|daawesomedude1 (
|choice|switch 3|move drillpeck
|
|switch|p1a: Jynx|Jynx, F|147\/333
|cant|p2a: Skarmory|slp
|
|-heal|p1a: Jynx|167\/333|[from] item: Leftovers
|-heal|p2a: Skarmory|305\/333 slp|[from] item: Leftovers
|upkeep
|turn|103
|L|Z Strats
|J|danilo
|choice|switch 6|switch 4
|
|switch|p1a: Zapdos|Zapdos|336\/383
|switch|p2a: Snorlax|Snorlax, M|523\/523 slp
|-damage|p2a: Snorlax|458\/523 slp|[from] Spikes
|
|-heal|p1a: Zapdos|359\/383|[from] item: Leftovers
|-heal|p2a: Snorlax|490\/523 slp|[from] item: Leftovers
|upkeep
|turn|104
|J|Zaettsu
|L|choolio
|L|p2
|choice|switch 3|move doubleedge
|
|switch|p1a: Golem|Golem, M|117\/363
|cant|p2a: Snorlax|slp
|
|-heal|p1a: Golem|139\/363|[from] item: Leftovers
|-heal|p2a: Snorlax|522\/523 slp|[from] item: Leftovers
|upkeep
|turn|105
|J|How To Win You
|choice|move earthquake|switch 4
|
|switch|p2a: Skarmory|Skarmory, M|305\/333 slp
|move|p1a: Golem|Earthquake|p2a: Skarmory
|-immune|p2a: Skarmory|[msg]
|
|-heal|p2a: Skarmory|325\/333 slp|[from] item: Leftovers
|-heal|p1a: Golem|161\/363|[from] item: Leftovers
|upkeep
|turn|106
|choice|move roar|move drillpeck
|
|cant|p2a: Skarmory|slp
|move|p1a: Golem|Roar|p2a: Skarmory
|drag|p2a: Snorlax|Snorlax, M|522\/523 slp
|-damage|p2a: Snorlax|457\/523 slp|[from] Spikes
|
|-heal|p1a: Golem|183\/363|[from] item: Leftovers
|-heal|p2a: Snorlax|489\/523 slp|[from] item: Leftovers
|upkeep
|turn|107
|choice|move rockslide|switch 4
|
|switch|p2a: Skarmory|Skarmory, M|325\/333 slp
|move|p1a: Golem|Rock Slide|p2a: Skarmory
|-damage|p2a: Skarmory|253\/333 slp
|
|-heal|p2a: Skarmory|273\/333 slp|[from] item: Leftovers
|-heal|p1a: Golem|205\/363|[from] item: Leftovers
|upkeep
|turn|108
|J|christos21
|choice|move roar|move drillpeck
|
|-curestatus|p2a: Skarmory|slp|[msg]
|move|p2a: Skarmory|Drill Peck|p1a: Golem
|-crit|p1a: Golem
|-resisted|p1a: Golem
|-damage|p1a: Golem|133\/363
|move|p1a: Golem|Roar|p2a: Skarmory
|drag|p2a: Snorlax|Snorlax, M|489\/523 slp
|-damage|p2a: Snorlax|424\/523 slp|[from] Spikes
|
|-heal|p1a: Golem|155\/363|[from] item: Leftovers
|-heal|p2a: Snorlax|456\/523 slp|[from] item: Leftovers
|upkeep
|turn|109
|choice|move earthquake|move curse
|
|move|p1a: Golem|Earthquake|p2a: Snorlax
|-damage|p2a: Snorlax|294\/523 slp
|cant|p2a: Snorlax|slp
|
|-heal|p1a: Golem|177\/363|[from] item: Leftovers
|-heal|p2a: Snorlax|326\/523 slp|[from] item: Leftovers
|upkeep
|turn|110
|L|Leftiez
|choice|move roar|switch 4
|
|switch|p2a: Skarmory|Skarmory, M|273\/333
|move|p1a: Golem|Roar|p2a: Skarmory
|drag|p2a: Raikou|Raikou|262\/367 par
|-damage|p2a: Raikou|217\/367 par|[from] Spikes
|
|-heal|p1a: Golem|199\/363|[from] item: Leftovers
|-heal|p2a: Raikou|239\/367 par|[from] item: Leftovers
|upkeep
|turn|111
|J|p12023044
|L|depom
|choice|switch 2|switch 5
|
|switch|p1a: Snorlax|Snorlax, M|324\/523 frz
|switch|p2a: Skarmory|Skarmory, M|273\/333
|
|-heal|p2a: Skarmory|293\/333|[from] item: Leftovers
|-heal|p1a: Snorlax|356\/523 frz|[from] item: Leftovers
|upkeep
|turn|112
|J|Demantoid(⊙﹏﹏﹏﹏⊙✿)
|L|danilo
|J|Zcrss ~
|choice|switch 3|move drillpeck
|
|switch|p1a: Zapdos|Zapdos|359\/383
|move|p2a: Skarmory|Drill Peck|p1a: Zapdos
|-resisted|p1a: Zapdos
|-damage|p1a: Zapdos|312\/383
|
|-heal|p1a: Zapdos|335\/383|[from] item: Leftovers
|-heal|p2a: Skarmory|313\/333|[from] item: Leftovers
|upkeep
|turn|113
|J|Leftiez
|choice|switch 2|switch 5
|
|switch|p1a: Golem|Golem, M|199\/363
|switch|p2a: Raikou|Raikou|239\/367 par
|-damage|p2a: Raikou|194\/367 par|[from] Spikes
|
|-heal|p1a: Golem|221\/363|[from] item: Leftovers
|-heal|p2a: Raikou|216\/367 par|[from] item: Leftovers
|upkeep
|turn|114
|choice|move earthquake|switch 5
|
|switch|p2a: Skarmory|Skarmory, M|313\/333
|move|p1a: Golem|Earthquake|p2a: Skarmory
|-immune|p2a: Skarmory|[msg]
|
|-heal|p2a: Skarmory|333\/333|[from] item: Leftovers
|-heal|p1a: Golem|243\/363|[from] item: Leftovers
|upkeep
|turn|115
|choice|move roar|move drillpeck
|
|move|p2a: Skarmory|Drill Peck|p1a: Golem
|-resisted|p1a: Golem
|-damage|p1a: Golem|212\/363
|move|p1a: Golem|Roar|p2a: Skarmory
|drag|p2a: Raikou|Raikou|216\/367 par
|-damage|p2a: Raikou|171\/367 par|[from] Spikes
|
|-heal|p1a: Golem|234\/363|[from] item: Leftovers
|-heal|p2a: Raikou|193\/367 par|[from] item: Leftovers
|upkeep
|turn|116
|choice|move rockslide|switch 5
|
|switch|p2a: Skarmory|Skarmory, M|333\/333
|move|p1a: Golem|Rock Slide|p2a: Skarmory
|-damage|p2a: Skarmory|255\/333
|
|-heal|p2a: Skarmory|275\/333|[from] item: Leftovers
|-heal|p1a: Golem|256\/363|[from] item: Leftovers
|upkeep
|turn|117
|L|GOAO
|choice|move roar|move drillpeck
|
|move|p2a: Skarmory|Drill Peck|p1a: Golem
|-resisted|p1a: Golem
|-damage|p1a: Golem|220\/363
|move|p1a: Golem|Roar|p2a: Skarmory
|drag|p2a: Gengar|Gengar, M|323\/323
|-damage|p2a: Gengar|283\/323|[from] Spikes
|
|-heal|p2a: Gengar|303\/323|[from] item: Leftovers
|-heal|p1a: Golem|242\/363|[from] item: Leftovers
|upkeep
|turn|118
|J|Mishiimono
|choice|move earthquake|switch 6
|
|switch|p2a: Skarmory|Skarmory, M|275\/333
|move|p1a: Golem|Earthquake|p2a: Skarmory
|-immune|p2a: Skarmory|[msg]
|
|-heal|p2a: Skarmory|295\/333|[from] item: Leftovers
|-heal|p1a: Golem|264\/363|[from] item: Leftovers
|upkeep
|turn|119
|choice|move roar|move drillpeck
|
|move|p2a: Skarmory|Drill Peck|p1a: Golem
|-resisted|p1a: Golem
|-damage|p1a: Golem|232\/363
|move|p1a: Golem|Roar|p2a: Skarmory
|drag|p2a: Snorlax|Snorlax, M|326\/523 slp
|-damage|p2a: Snorlax|261\/523 slp|[from] Spikes
|
|-heal|p1a: Golem|254\/363|[from] item: Leftovers
|-heal|p2a: Snorlax|293\/523 slp|[from] item: Leftovers
|upkeep
|turn|120
|J|ggggd
|L|p12023044
|choice|move rockslide|move curse
|
|move|p1a: Golem|Rock Slide|p2a: Snorlax
|-damage|p2a: Snorlax|178\/523 slp
|-curestatus|p2a: Snorlax|slp|[msg]
|cant|p2a: Snorlax|flinch
|
|-heal|p1a: Golem|276\/363|[from] item: Leftovers
|-heal|p2a: Snorlax|210\/523|[from] item: Leftovers
|upkeep
|turn|121
|J|fish18 ><>
|L|Ilsolitostronzo
|L|Leftiez
|J|Leftiez
|L|daawesomedude1 (
|choice|switch 3|move rest
|
|switch|p1a: Snorlax|Snorlax, M|356\/523 frz
|move|p2a: Snorlax|Rest|p2a: Snorlax
|-status|p2a: Snorlax|slp
|-heal|p2a: Snorlax|523\/523 slp|[silent]
|-status|p2a: Snorlax|slp|[from] move: Rest
|
|-heal|p1a: Snorlax|388\/523 frz|[from] item: Leftovers
|upkeep
|turn|122
|choice|move curse|switch 5
|
|switch|p2a: Raikou|Raikou|193\/367 par
|-damage|p2a: Raikou|148\/367 par|[from] Spikes
|cant|p1a: Snorlax|frz
|
|-heal|p1a: Snorlax|420\/523 frz|[from] item: Leftovers
|-heal|p2a: Raikou|170\/367 par|[from] item: Leftovers
|upkeep
|turn|123
|choice|move curse|move rest
|
|cant|p1a: Snorlax|frz
|move|p2a: Raikou|Rest|p2a: Raikou
|-status|p2a: Raikou|slp
|-heal|p2a: Raikou|367\/367 slp|[silent]
|-status|p2a: Raikou|slp|[from] move: Rest
|
|-curestatus|p1a: Snorlax|frz|[msg]
|-heal|p1a: Snorlax|452\/523|[from] item: Leftovers
|upkeep
|turn|124
|L|sabella
|c|☆Vileman|oh boy
|c|☆Vileman|hes back
|J|LORD HEC
|L|Melle2402
|J|bynum
|L|R!cardo
|J|Melle2402
|choice|move curse|move reflect
|
|cant|p2a: Raikou|slp
|move|p1a: Snorlax|Curse|p1a: Snorlax
|-unboost|p1a: Snorlax|spe|1
|-boost|p1a: Snorlax|atk|1
|-boost|p1a: Snorlax|def|1
|
|-heal|p1a: Snorlax|484\/523|[from] item: Leftovers
|upkeep
|turn|125
|J|toxigen734
|c|☆Fear|he likes to slack
|J|Gummysaurus
|c|☆Fear|but i think its wrap up time
|choice|move doubleedge|switch 6
|
|switch|p2a: Gengar|Gengar, M|303\/323
|-damage|p2a: Gengar|263\/323|[from] Spikes
|move|p1a: Snorlax|Double-Edge|p2a: Gengar
|-immune|p2a: Gengar|[msg]
|
|-heal|p2a: Gengar|283\/323|[from] item: Leftovers
|-heal|p1a: Snorlax|516\/523|[from] item: Leftovers
|upkeep
|turn|126
|J|silverwhiteblue
|c|☆Vileman|my fishing rod still got some bait on it bro
|choice|move flamethrower|move icepunch
|
|move|p2a: Gengar|Ice Punch|p1a: Snorlax
|-damage|p1a: Snorlax|450\/523
|move|p1a: Snorlax|Flamethrower|p2a: Gengar
|-damage|p2a: Gengar|213\/323
|
|-heal|p2a: Gengar|233\/323|[from] item: Leftovers
|-heal|p1a: Snorlax|482\/523|[from] item: Leftovers
|upkeep
|turn|127
|choice|move rest|move dynamicpunch
|
|move|p2a: Gengar|Dynamic Punch|p1a: Snorlax
|-supereffective|p1a: Snorlax
|-damage|p1a: Snorlax|374\/523
|-start|p1a: Snorlax|confusion
|-activate|p1a: Snorlax|confusion
|move|p1a: Snorlax|Rest|p1a: Snorlax
|-status|p1a: Snorlax|slp
|-heal|p1a: Snorlax|523\/523 slp|[silent]
|-status|p1a: Snorlax|slp|[from] move: Rest
|
|-heal|p2a: Gengar|253\/323|[from] item: Leftovers
|upkeep
|turn|128
|J|wild drud
|L|blunderr
|choice|move curse|switch 4
|
|switch|p2a: Skarmory|Skarmory, M|295\/333
|cant|p1a: Snorlax|slp
|
|-heal|p2a: Skarmory|315\/333|[from] item: Leftovers
|upkeep
|turn|129
|choice|move curse|move whirlwind
|
|cant|p1a: Snorlax|slp
|move|p2a: Skarmory|Whirlwind|p1a: Snorlax
|drag|p1a: Zapdos|Zapdos|335\/383
|
|-heal|p1a: Zapdos|358\/383|[from] item: Leftovers
|-heal|p2a: Skarmory|333\/333|[from] item: Leftovers
|upkeep
|turn|130
|choice|switch 3|switch 5
|
|switch|p1a: Golem|Golem, M|276\/363
|switch|p2a: Snorlax|Snorlax, M|523\/523 slp
|-damage|p2a: Snorlax|458\/523 slp|[from] Spikes
|
|-heal|p1a: Golem|298\/363|[from] item: Leftovers
|-heal|p2a: Snorlax|490\/523 slp|[from] item: Leftovers
|upkeep
|turn|131
|L|ColonelM
|L|EagleHeart
|L|Gummysaurus
|J|wyn
|choice|move rockslide|move doubleedge
|
|move|p1a: Golem|Rock Slide|p2a: Snorlax
|-damage|p2a: Snorlax|365\/523 slp
|cant|p2a: Snorlax|slp
|
|-heal|p1a: Golem|320\/363|[from] item: Leftovers
|-heal|p2a: Snorlax|397\/523 slp|[from] item: Leftovers
|upkeep
|turn|132
|choice|move rockslide|move doubleedge
|
|move|p1a: Golem|Rock Slide|p2a: Snorlax
|-damage|p2a: Snorlax|280\/523 slp
|cant|p2a: Snorlax|slp
|
|-heal|p1a: Golem|342\/363|[from] item: Leftovers
|-heal|p2a: Snorlax|312\/523 slp|[from] item: Leftovers
|upkeep
|turn|133
|choice|move roar|move rest
|
|-curestatus|p2a: Snorlax|slp|[msg]
|move|p2a: Snorlax|Rest|p2a: Snorlax
|-status|p2a: Snorlax|slp
|-heal|p2a: Snorlax|523\/523 slp|[silent]
|-status|p2a: Snorlax|slp|[from] move: Rest
|move|p1a: Golem|Roar|p2a: Snorlax
|drag|p2a: Raikou|Raikou|367\/367 slp
|-damage|p2a: Raikou|322\/367 slp|[from] Spikes
|
|-heal|p2a: Raikou|344\/367 slp|[from] item: Leftovers
|-heal|p1a: Golem|363\/363|[from] item: Leftovers
|upkeep
|turn|134
|J|Corazan ☾
|L|Melle2402
|L|tigers jaw
|J|tigers jaw
|choice|switch 2|switch 5
|
|switch|p2a: Skarmory|Skarmory, M|333\/333
|switch|p1a: Snorlax|Snorlax, M|523\/523 slp
|
|upkeep
|turn|135
|J|ihr ritter
|choice|move flamethrower|move whirlwind
|
|-curestatus|p1a: Snorlax|slp|[msg]
|move|p1a: Snorlax|Flamethrower|p2a: Skarmory
|-supereffective|p2a: Skarmory
|-damage|p2a: Skarmory|193\/333
|move|p2a: Skarmory|Whirlwind|p1a: Snorlax
|drag|p1a: Golem|Golem, M|363\/363
|
|-heal|p2a: Skarmory|213\/333|[from] item: Leftovers
|upkeep
|turn|136
|L|Sakis
|choice|move roar|move drillpeck
|
|move|p2a: Skarmory|Drill Peck|p1a: Golem
|-resisted|p1a: Golem
|-damage|p1a: Golem|329\/363
|move|p1a: Golem|Roar|p2a: Skarmory
|drag|p2a: Snorlax|Snorlax, M|523\/523 slp
|-damage|p2a: Snorlax|458\/523 slp|[from] Spikes
|
|-heal|p1a: Golem|351\/363|[from] item: Leftovers
|-heal|p2a: Snorlax|490\/523 slp|[from] item: Leftovers
|upkeep
|turn|137
|choice|move earthquake|move curse
|
|move|p1a: Golem|Earthquake|p2a: Snorlax
|-damage|p2a: Snorlax|320\/523 slp
|cant|p2a: Snorlax|slp
|
|-heal|p1a: Golem|363\/363|[from] item: Leftovers
|-heal|p2a: Snorlax|352\/523 slp|[from] item: Leftovers
|upkeep
|turn|138
|choice|move earthquake|move curse
|
|move|p1a: Golem|Earthquake|p2a: Snorlax
|-damage|p2a: Snorlax|175\/523 slp
|cant|p2a: Snorlax|slp
|
|-heal|p2a: Snorlax|207\/523 slp|[from] item: Leftovers
|upkeep
|turn|139
|choice|move explosion|move rest
|
|move|p1a: Golem|Explosion|p2a: Snorlax
|-damage|p2a: Snorlax|0 fnt
|faint|p2a: Snorlax
|faint|p1a: Golem
|J|Eren.
|choice|switch 6|switch 4
|
|switch|p2a: Gengar|Gengar, M|253\/323
|switch|p1a: Jynx|Jynx, F|167\/333
|-damage|p2a: Gengar|213\/323|[from] Spikes
|
|-heal|p2a: Gengar|233\/323|[from] item: Leftovers
|-heal|p1a: Jynx|187\/333|[from] item: Leftovers
|upkeep
|turn|140
|L|xNibba
|choice|move psychic|move explosion
|
|move|p2a: Gengar|Explosion|p1a: Jynx
|-damage|p1a: Jynx|0 fnt
|faint|p1a: Jynx
|faint|p2a: Gengar
|L|Lavos
|choice|switch 2|switch 5
|
|switch|p2a: Raikou|Raikou|344\/367 slp
|switch|p1a: Snorlax|Snorlax, M|523\/523
|-damage|p2a: Raikou|299\/367 slp|[from] Spikes
|
|-heal|p2a: Raikou|321\/367 slp|[from] item: Leftovers
|upkeep
|turn|141
|J|Sakis
|choice|move doubleedge|move reflect
|
|cant|p2a: Raikou|slp
|move|p1a: Snorlax|Double-Edge|p2a: Raikou
|-damage|p2a: Raikou|143\/367 slp
|-damage|p1a: Snorlax|479\/523|[from] Recoil|[of] p2a: Raikou
|
|-heal|p2a: Raikou|165\/367 slp|[from] item: Leftovers
|-heal|p1a: Snorlax|511\/523|[from] item: Leftovers
|upkeep
|turn|142
|L|wist nd sht
|J|p12023044
|choice|move doubleedge|move reflect
|
|-curestatus|p2a: Raikou|slp|[msg]
|move|p2a: Raikou|Reflect|p2a: Raikou
|-sidestart|p2: Vileman|Reflect
|move|p1a: Snorlax|Double-Edge|p2a: Raikou
|-damage|p2a: Raikou|78\/367
|-damage|p1a: Snorlax|490\/523|[from] Recoil|[of] p2a: Raikou
|
|-heal|p2a: Raikou|100\/367|[from] item: Leftovers
|-heal|p1a: Snorlax|522\/523|[from] item: Leftovers
|upkeep
|turn|143
|J|Memoric
|L|lighthouses
|choice|move doubleedge|move thunder
|
|move|p2a: Raikou|Thunder|p1a: Snorlax
|-damage|p1a: Snorlax|370\/523
|move|p1a: Snorlax|Double-Edge|p2a: Raikou
|-damage|p2a: Raikou|11\/367
|-damage|p1a: Snorlax|348\/523|[from] Recoil|[of] p2a: Raikou
|
|-heal|p2a: Raikou|33\/367|[from] item: Leftovers
|-heal|p1a: Snorlax|380\/523|[from] item: Leftovers
|upkeep
|turn|144
|choice|move doubleedge|move rest
|
|move|p2a: Raikou|Rest|p2a: Raikou
|-status|p2a: Raikou|slp
|-heal|p2a: Raikou|367\/367 slp|[silent]
|-status|p2a: Raikou|slp|[from] move: Rest
|move|p1a: Snorlax|Double-Edge|p2a: Raikou
|-damage|p2a: Raikou|280\/367 slp
|-damage|p1a: Snorlax|359\/523|[from] Recoil|[of] p2a: Raikou
|
|-heal|p2a: Raikou|302\/367 slp|[from] item: Leftovers
|-heal|p1a: Snorlax|391\/523|[from] item: Leftovers
|upkeep
|turn|145
|choice|move curse|move thunder
|
|cant|p2a: Raikou|slp
|move|p1a: Snorlax|Curse|p1a: Snorlax
|-unboost|p1a: Snorlax|spe|1
|-boost|p1a: Snorlax|atk|1
|-boost|p1a: Snorlax|def|1
|
|-heal|p2a: Raikou|324\/367 slp|[from] item: Leftovers
|-heal|p1a: Snorlax|423\/523|[from] item: Leftovers
|upkeep
|turn|146
|L|Mysterious M
|J|Lavos
|choice|move doubleedge|switch 6
|
|switch|p2a: Skarmory|Skarmory, M|213\/333
|move|p1a: Snorlax|Double-Edge|p2a: Skarmory
|-resisted|p2a: Skarmory
|-damage|p2a: Skarmory|172\/333
|-damage|p1a: Snorlax|413\/523|[from] Recoil|[of] p2a: Skarmory
|
|-heal|p2a: Skarmory|192\/333|[from] item: Leftovers
|-heal|p1a: Snorlax|445\/523|[from] item: Leftovers
|-sideend|p2: Vileman|Reflect
|upkeep
|turn|147
|choice|move flamethrower|move whirlwind
|
|move|p1a: Snorlax|Flamethrower|p2a: Skarmory
|-supereffective|p2a: Skarmory
|-damage|p2a: Skarmory|54\/333
|move|p2a: Skarmory|Whirlwind|p1a: Snorlax
|drag|p1a: Exeggutor|Exeggutor, M|109\/393 psn
|
|-heal|p2a: Skarmory|74\/333|[from] item: Leftovers
|-heal|p1a: Exeggutor|133\/393 psn|[from] item: Leftovers
|upkeep
|turn|148
|choice|switch 3|move drillpeck
|
|switch|p1a: Zapdos|Zapdos|358\/383
|move|p2a: Skarmory|Drill Peck|p1a: Zapdos
|-crit|p1a: Zapdos
|-resisted|p1a: Zapdos
|-damage|p1a: Zapdos|267\/383
|
|-heal|p1a: Zapdos|290\/383|[from] item: Leftovers
|-heal|p2a: Skarmory|94\/333|[from] item: Leftovers
|upkeep
|turn|149
|choice|switch 4|move drillpeck
|
|switch|p1a: Snorlax|Snorlax, M|445\/523
|move|p2a: Skarmory|Drill Peck|p1a: Snorlax
|-damage|p1a: Snorlax|345\/523
|
|-heal|p2a: Skarmory|114\/333|[from] item: Leftovers
|-heal|p1a: Snorlax|377\/523|[from] item: Leftovers
|upkeep
|turn|150
|choice|move flamethrower|move drillpeck
|
|move|p2a: Skarmory|Drill Peck|p1a: Snorlax
|-damage|p1a: Snorlax|264\/523
|move|p1a: Snorlax|Flamethrower|p2a: Skarmory
|-supereffective|p2a: Skarmory
|-damage|p2a: Skarmory|0 fnt
|faint|p2a: Skarmory
|J|Prague Kick
|choice||switch 6
|
|switch|p2a: Raikou|Raikou|324\/367 slp
|-damage|p2a: Raikou|279\/367 slp|[from] Spikes
|
|-heal|p2a: Raikou|301\/367 slp|[from] item: Leftovers
|-heal|p1a: Snorlax|296\/523|[from] item: Leftovers
|upkeep
|turn|151
|choice|move curse|move reflect
|
|cant|p2a: Raikou|slp
|move|p1a: Snorlax|Curse|p1a: Snorlax
|-unboost|p1a: Snorlax|spe|1
|-boost|p1a: Snorlax|atk|1
|-boost|p1a: Snorlax|def|1
|
|-heal|p2a: Raikou|323\/367 slp|[from] item: Leftovers
|-heal|p1a: Snorlax|328\/523|[from] item: Leftovers
|upkeep
|turn|152
|L|leru
|J|mael
|choice|move rest|move reflect
|
|-curestatus|p2a: Raikou|slp|[msg]
|move|p2a: Raikou|Reflect|p2a: Raikou
|-sidestart|p2: Vileman|Reflect
|move|p1a: Snorlax|Rest|p1a: Snorlax
|-status|p1a: Snorlax|slp
|-heal|p1a: Snorlax|523\/523 slp|[silent]
|-status|p1a: Snorlax|slp|[from] move: Rest
|
|-heal|p2a: Raikou|345\/367|[from] item: Leftovers
|upkeep
|turn|153
|choice|move curse|move thunder
|
|move|p2a: Raikou|Thunder|p1a: Snorlax
|-damage|p1a: Snorlax|376\/523 slp
|cant|p1a: Snorlax|slp
|
|-heal|p2a: Raikou|367\/367|[from] item: Leftovers
|-heal|p1a: Snorlax|408\/523 slp|[from] item: Leftovers
|upkeep
|turn|154
|L|Texas Cloverleaf
|L|Lavos
|choice|move curse|move thunder
|
|move|p2a: Raikou|Thunder|p1a: Snorlax|[miss]
|-miss|p2a: Raikou|p1a: Snorlax
|cant|p1a: Snorlax|slp
|
|-heal|p1a: Snorlax|440\/523 slp|[from] item: Leftovers
|upkeep
|turn|155
|choice|move curse|move thunder
|
|move|p2a: Raikou|Thunder|p1a: Snorlax
|-damage|p1a: Snorlax|303\/523 slp
|-curestatus|p1a: Snorlax|slp|[msg]
|move|p1a: Snorlax|Curse|p1a: Snorlax
|-unboost|p1a: Snorlax|spe|1
|-boost|p1a: Snorlax|atk|1
|-boost|p1a: Snorlax|def|1
|
|-heal|p1a: Snorlax|335\/523|[from] item: Leftovers
|upkeep
|turn|156
|J|Lavos
|choice|move rest|move thunder
|
|move|p2a: Raikou|Thunder|p1a: Snorlax
|-damage|p1a: Snorlax|183\/523
|move|p1a: Snorlax|Rest|p1a: Snorlax
|-status|p1a: Snorlax|slp
|-heal|p1a: Snorlax|523\/523 slp|[silent]
|-status|p1a: Snorlax|slp|[from] move: Rest
|
|-sideend|p2: Vileman|Reflect
|upkeep
|turn|157
|c|☆Vileman|i pray
|c|☆Vileman|to odin
|choice|move doubleedge|move thunder
|
|move|p2a: Raikou|Thunder|p1a: Snorlax
|-damage|p1a: Snorlax|366\/523 slp
|cant|p1a: Snorlax|slp
|
|-heal|p1a: Snorlax|398\/523 slp|[from] item: Leftovers
|upkeep
|turn|158
|c|☆Fear|pray to whoever you want
|c|☆Vileman|odin answer my prayers
|choice|move doubleedge|move thunder
|
|move|p2a: Raikou|Thunder|p1a: Snorlax|[miss]
|-miss|p2a: Raikou|p1a: Snorlax
|cant|p1a: Snorlax|slp
|
|-heal|p1a: Snorlax|430\/523 slp|[from] item: Leftovers
|upkeep
|turn|159
|c|☆Vileman|not answering
|choice|move doubleedge|move thunder
|
|move|p2a: Raikou|Thunder|p1a: Snorlax|[miss]
|-miss|p2a: Raikou|p1a: Snorlax
|-curestatus|p1a: Snorlax|slp|[msg]
|move|p1a: Snorlax|Double-Edge|p2a: Raikou
|-damage|p2a: Raikou|0 fnt
|faint|p2a: Raikou
|
|win|Fear
|-damage|p1a: Snorlax|339\/523|[from] Recoil|[of] p2: Raikou
|c|☆Vileman|gg
|L|fish18 ><>
|L|Lavos
|L|ggggd
|L|kratosmana✪
|L|We Three Kings
|L|H.M.N.I.P
|c|☆Fear|gg
|L|Ojama
|L|Xayahh
|L|smilzo
|L|SOULWIND❄
|L|I'm Rick Astley
|L|prajpran
|L|Updated Kanto
|L|ihr ritter
|L|ET3RN4M ♪♪♪
|L|LUCK>SKILL
|L|Luigi
|L|Vubon
|L|Heroic Troller
|L|Leftiez
|L|Sakis
|J|leru
|L|King Kadoobz
|L|Peasounay
|L|bynum
|L|Luispeikou ツ
|L|Majaspic22
|L|amberrlamps
|L|The Idiot Ninja
|L|Memoric
|L|Mr.378
|L|giara ★_★
|L|reiku
|L|Lcans%$%
|L|Moony
|L|Strealet❄
|L|shaian ✿
|L|DestinyUnknown
|L|Zaettsu
|L|mael
|L|marrano
|L|Finchinator
|L|loud abovt us
|L|Enki❄</script>
</div>
<div class="battle-log battle-log-inline"><div class="inner"><div class="battle-options"></div><div class="inner"><div class=""><small>Format:</small> <br><strong>[Gen 2] OU</strong></div><div class=""><small><em>Sleep Clause Mod:</em> Limit one foe put to sleep</small></div><div class=""><small><em>Species Clause:</em> Limit one of each Pokémon</small></div><div class=""><small><em>OHKO Clause:</em> OHKO moves are banned</small></div><div class=""><small><em>Evasion Moves Clause:</em> Evasion moves are banned</small></div><div class=""><small><em>HP Percentage Mod:</em> HP is shown in percentages</small></div><div class="spacer battle-history"><br></div><div class="battle-history">Battle started between Fear and Vileman!<br></div><div class="spacer battle-history"><br></div><div class="battle-history">Go! <strong>Jynx</strong>!<br></div><div class="spacer battle-history"><br></div><div class="battle-history">Vileman sent out <strong>Snorlax</strong>!<br></div><div class="spacer battle-history"><br></div><h2 class="battle-history">Turn 1</h2><div class="chat chatmessage-vileman"><strong style="color:#9b6b34"><small>☆</small><span class="username" data-name="Vileman">Vileman</span>:</strong> <em>GL</em></div><div class="chat chatmessage-hero"><strong style="color:#c04039"><small>+</small><span class="username" data-name="hero">hero</span>:</strong> <em>VILEMANOOOOOOOOOOOO</em></div><div class="chat chatmessage-finchinator"><strong style="color:#4754e6"><small>+</small><span class="username" data-name="Finchinator">Finchinator</span>:</strong> <em>gogo</em></div><div class="chat chatmessage-finchinator"><strong style="color:#4754e6"><small>+</small><span class="username" data-name="Finchinator">Finchinator</span>:</strong> <em>vile</em></div><div class="chat chatmessage-et3rn4m"><strong style="color:#138b53"><small>+</small><span class="username" data-name="ET3RN4M ♪♪♪">ET3RN4M ♪♪♪</span>:</strong> <em>in</em></div><div class="chat chatmessage-roudolf13"><strong style="color:#3fa83a"><small>+</small><span class="username" data-name="roudolf13">roudolf13</span>:</strong> <em>in</em></div><div class="chat chatmessage-ggggd"><strong style="color:#5865e9"><small>+</small><span class="username" data-name="ggggd">ggggd</span>:</strong> <em>gooo vile *-*</em></div><div class="chat chatmessage-drew"><strong style="color:#9e9012"><small>+</small><span class="username" data-name="drew">drew</span>:</strong> <em>gogo Vile-ranger</em></div><div class="chat chatmessage-lcans"><strong style="color:#6b79ca"><small>+</small><span class="username" data-name="Lcans%$%">Lcans%$%</span>:</strong> <em>Go go Vile</em></div><div class="chat chatmessage-hero"><strong style="color:#c04039"><small>+</small><span class="username" data-name="hero">hero</span>:</strong> <em>*-*</em></div><div class="chat chatmessage-londonbeats"><strong style="color:#7a5ad9"><small>+</small><span class="username" data-name="London Beats">London Beats</span>:</strong> <em>vile +-+</em></div><div class="chat chatmessage-sweetposho"><strong style="color:#c14655"><small>+</small><span class="username" data-name="SweetPosho">SweetPosho</span>:</strong> <em>:P</em></div><div class="chat chatmessage-wilddrud"><strong style="color:#2b5bed"><small>+</small><span class="username" data-name="wild drud">wild drud</span>:</strong> <em>out</em></div><div class="chat chatmessage-sweetposho"><strong style="color:#c14655"><small>+</small><span class="username" data-name="SweetPosho">SweetPosho</span>:</strong> <em>P:</em></div><div class="chat chatmessage-mr378"><strong style="color:#909217"><small>+</small><span class="username" data-name="Mr.378">Mr.378</span>:</strong> <em>FEAR</em></div><div class="chat chatmessage-hero"><strong style="color:#c04039"><small>+</small><span class="username" data-name="hero">hero</span>:</strong> <em>:[|]</em></div><div class="chat chatmessage-eren"><strong style="color:#a023d1"><small>+</small><span class="username" data-name="Eren.">Eren.</span>:</strong> <em>VAMOS VILEMAN</em></div><div class="chat chatmessage-luispeikou"><strong style="color:#a28644"><small>+</small><span class="username" data-name="Luispeikou ツ">Luispeikou ツ</span>:</strong> <em>goo vileman</em></div><div class="chat chatmessage-updatedkanto"><strong style="color:#c01174"><small>+</small><span class="username" data-name="Updated Kanto">Updated Kanto</span>:</strong> <em>GO LAA</em></div><div class="chat chatmessage-p2"><strong style="color:#8c7b1d"><small>+</small><span class="username" data-name="p2">p2</span>:</strong> <em>in</em></div><div class="chat chatmessage-wilddrud"><strong style="color:#2b5bed"><small>+</small><span class="username" data-name="wild drud">wild drud</span>:</strong> <em>id go chomper here</em></div><div class="chat chatmessage-ggggd"><strong style="color:#5865e9"><small>+</small><span class="username" data-name="ggggd">ggggd</span>:</strong> <em>shut up slurmz</em></div><div class="chat chatmessage-vileman"><strong style="color:#9b6b34"><small>☆</small><span class="username" data-name="Vileman">Vileman</span>:</strong> <em>lov da fans but can a man get some modchat</em></div><div class="chat chatmessage-finchinator"><strong style="color:#4754e6"><small>+</small><span class="username" data-name="Finchinator">Finchinator</span>:</strong> <em>no.</em></div><div class="chat chatmessage-sweetposho"><strong style="color:#c14655"><small>+</small><span class="username" data-name="SweetPosho">SweetPosho</span>:</strong> <em>n</em></div><div class="chat chatmessage-vileman"><strong style="color:#9b6b34"><small>☆</small><span class="username" data-name="Vileman">Vileman</span>:</strong> <em>drats</em></div><div class="chat chatmessage-ggggd"><strong style="color:#5865e9"><small>+</small><span class="username" data-name="ggggd">ggggd</span>:</strong> <em>no mod rn</em></div><div class="chat chatmessage-colonelm"><strong style="color:#b5536a"><small>+</small><span class="username" data-name="ColonelM">ColonelM</span>:</strong> <em>Ay</em></div><div class="chat chatmessage-drew"><strong style="color:#9e9012"><small>+</small><span class="username" data-name="drew">drew</span>:</strong> <em>nevar</em></div><div class="chat message-error">Battle timer is ON: inactive players will automatically lose when time's up. (requested by Vileman)</div><div class="chat chatmessage-hero"><strong style="color:#c04039"><small>+</small><span class="username" data-name="hero">hero</span>:</strong> <em>timer: requested</em></div><div class="chat chatmessage-sweetposho"><strong style="color:#c14655"><small>+</small><span class="username" data-name="SweetPosho">SweetPosho</span>:</strong> <em>wincon</em></div><div class="chat chatmessage-eren"><strong style="color:#a023d1"><small>+</small><span class="username" data-name="Eren.">Eren.</span>:</strong> <em>timer win: prepared</em></div><div class="chat"><div class="broadcast-red"><strong>Moderated chat was set to @!</strong><br>Only users of rank @ and higher can talk.</div></div><div class="spacer battle-history"><br></div><div class="battle-history">Jynx used <strong>Substitute</strong>!<br></div><div class="battle-history"><small>Jynx put in a substitute!</small><br></div><div class="battle-history"><small>(Jynx lost <abbr title="−83/333">24.9%</abbr> of its health!)</small><br></div><div class="spacer battle-history"><br></div><div class="battle-history">The opposing Snorlax used <strong>Double-Edge</strong>!<br></div><div class="battle-history"><small>Jynx's substitute faded!</small><br></div><div class="battle-history"><small>The opposing Snorlax was damaged by the recoil!</small><br></div><div class="spacer battle-history"><br></div><div class="battle-history"><small>Jynx restored a little HP using its Leftovers!</small><br></div><div class="battle-history"><small>The opposing Snorlax restored a little HP using its Leftovers!</small><br></div><div class="spacer battle-history"><br></div><h2 class="battle-history">Turn 2</h2><div class="spacer battle-history"><br></div><div class="battle-history">Jynx used <strong>Lovely Kiss</strong>!<br></div><div class="battle-history"><small>The opposing Snorlax fell asleep!</small><br></div><div class="spacer battle-history"><br></div><div class="battle-history">The opposing Snorlax is fast asleep.<br></div><div class="spacer battle-history"><br></div><div class="battle-history"><small>Jynx restored a little HP using its Leftovers!</small><br></div><div class="spacer battle-history"><br></div><h2 class="battle-history">Turn 3</h2><div class="spacer battle-history"><br></div><div class="battle-history">Jynx, come back!<br></div><div class="battle-history">Go! <strong>Forretress</strong>!<br></div><div class="spacer battle-history"><br></div><div class="battle-history">The opposing Snorlax is fast asleep.<br></div><div class="spacer battle-history"><br></div><h2 class="battle-history">Turn 4</h2><div class="spacer battle-history"><br></div><div class="battle-history">Forretress used <strong>Spikes</strong>!<br></div><div class="battle-history"><small>Spikes were scattered on the ground all around the opposing team!</small><br></div><div class="spacer battle-history"><br></div><div class="battle-history">The opposing Snorlax is fast asleep.<br></div><div class="spacer battle-history"><br></div><h2 class="battle-history">Turn 5</h2><div class="spacer battle-history"><br></div><div class="battle-history">Forretress, come back!<br></div><div class="battle-history">Go! <strong>Golem</strong>!<br></div><div class="battle-history"><small>The opposing Snorlax woke up!</small><br></div><div class="spacer battle-history"><br></div><div class="battle-history">The opposing Snorlax used <strong>Double-Edge</strong>!<br></div><div class="battle-history"><small>It's not very effective...</small><br></div><div class="battle-history"><small>(Golem lost <abbr title="−61/363">16.8%</abbr> of its health!)</small><br></div><div class="battle-history"><small>The opposing Snorlax was damaged by the recoil!</small><br></div><div class="spacer battle-history"><br></div><div class="battle-history"><small>Golem restored a little HP using its Leftovers!</small><br></div><div class="battle-history"><small>The opposing Snorlax restored a little HP using its Leftovers!</small><br></div><div class="spacer battle-history"><br></div><h2 class="battle-history">Turn 6</h2><div class="spacer battle-history"><br></div><div class="battle-history">Vileman withdrew Snorlax!<br></div><div class="battle-history">Vileman sent out <strong>Skarmory</strong>!<br></div><div class="spacer battle-history"><br></div><div class="battle-history">Golem used <strong>Earthquake</strong>!<br></div><div class="battle-history"><small>It doesn't affect the opposing Skarmory...</small><br></div><div class="spacer battle-history"><br></div><div class="battle-history"><small>Golem restored a little HP using its Leftovers!</small><br></div><div class="spacer battle-history"><br></div><h2 class="battle-history">Turn 7</h2><div class="spacer battle-history"><br></div><div class="battle-history">The opposing Skarmory used <strong>Thief</strong>!<br></div><div class="battle-history"><small>(Golem lost <abbr title="−26/363">7.2%</abbr> of its health!)</small><br></div><div class="spacer battle-history"><br></div><div class="battle-history">Golem used <strong>Roar</strong>!<br></div><div class="spacer battle-history"><br></div><div class="battle-history"><strong>Gengar</strong> was dragged out!<br></div><div class="battle-history"><small>The opposing Gengar was hurt by the spikes!</small><br></div><div class="spacer battle-history"><br></div><div class="battle-history"><small>The opposing Gengar restored a little HP using its Leftovers!</small><br></div><div class="battle-history"><small>Golem restored a little HP using its Leftovers!</small><br></div><div class="spacer battle-history"><br></div><h2 class="battle-history">Turn 8</h2><div class="chat chatmessage-vileman"><strong style="color:#9b6b34"><small>☆</small><span class="username" data-name="Vileman">Vileman</span>:</strong> <em>wait</em></div><div class="chat chatmessage-vileman"><strong style="color:#9b6b34"><small>☆</small><span class="username" data-name="Vileman">Vileman</span>:</strong> <em>did i really not check that</em></div><div class="chat chatmessage-vileman"><strong style="color:#9b6b34"><small>☆</small><span class="username" data-name="Vileman">Vileman</span>:</strong> <em>lmao</em></div><div class="chat chatmessage-fear"><strong style="color:#99960b"><small>☆</small><span class="username" data-name="Fear">Fear</span>:</strong> <em>:-/</em></div><div class="chat chatmessage-vileman"><strong style="color:#9b6b34"><small>☆</small><span class="username" data-name="Vileman">Vileman</span>:</strong> <em>i even checked the team with like 5 ppl and noone pointed that out</em></div><div class="chat chatmessage-vileman"><strong style="color:#9b6b34"><small>☆</small><span class="username" data-name="Vileman">Vileman</span>:</strong> <em>welp</em></div><div class="chat chatmessage-fear"><strong style="color:#99960b"><small>☆</small><span class="username" data-name="Fear">Fear</span>:</strong> <em>dont blame me</em></div><div class="chat chatmessage-fear"><strong style="color:#99960b"><small>☆</small><span class="username" data-name="Fear">Fear</span>:</strong> <em>you were the one rushing</em></div><div class="chat chatmessage-vileman"><strong style="color:#9b6b34"><small>☆</small><span class="username" data-name="Vileman">Vileman</span>:</strong> <em>not blaming u just sayin</em></div><div class="chat chatmessage-vileman"><strong style="color:#9b6b34"><small>☆</small><span class="username" data-name="Vileman">Vileman</span>:</strong> <em>its funny</em></div><div class="chat chatmessage-fear"><strong style="color:#99960b"><small>☆</small><span class="username" data-name="Fear">Fear</span>:</strong> <em>i wanted to drink my coffee</em></div><div class="chat chatmessage-fear"><strong style="color:#99960b"><small>☆</small><span class="username" data-name="Fear">Fear</span>:</strong> <em>yeh</em></div><div class="chat chatmessage-fear"><strong style="color:#99960b"><small>☆</small><span class="username" data-name="Fear">Fear</span>:</strong> <em>i know, i'm like kidding onthis side</em></div><div class="chat chatmessage-fear"><strong style="color:#99960b"><small>☆</small><span class="username" data-name="Fear">Fear</span>:</strong> <em>cause is obviously really good for me</em></div><div class="spacer battle-history"><br></div><div class="battle-history">Vileman withdrew Gengar!<br></div><div class="battle-history">Vileman sent out <strong>Skarmory</strong>!<br></div><div class="spacer battle-history"><br></div><div class="battle-history">Golem used <strong>Earthquake</strong>!<br></div><div class="battle-history"><small>It doesn't affect the opposing Skarmory...</small><br></div><div class="spacer battle-history"><br></div><div class="battle-history"><small>Golem restored a little HP using its Leftovers!</small><br></div><div class="spacer battle-history"><br></div><h2 class="battle-history">Turn 9</h2><div class="spacer battle-history"><br></div><div class="battle-history">The opposing Skarmory used <strong>Whirlwind</strong>!<br></div><div class="battle-history"><small>But it failed!</small><br></div><div class="spacer battle-history"><br></div><div class="battle-history">Golem used <strong>Roar</strong>!<br></div><div class="spacer battle-history"><br></div><div class="battle-history"><strong>Zapdos</strong> was dragged out!<br></div><div class="spacer battle-history"><br></div><h2 class="battle-history">Turn 10</h2><div class="spacer battle-history"><br></div><div class="battle-history">Golem, come back!<br></div><div class="battle-history">Go! <strong>Snorlax</strong>!<br></div><div class="spacer battle-history"><br></div><div class="battle-history">The opposing Zapdos used <strong>Hidden Power</strong>!<br></div><div class="battle-history"><small>(Snorlax lost <abbr title="−65/523">12.4%</abbr> of its health!)</small><br></div><div class="spacer battle-history"><br></div><div class="battle-history"><small>Snorlax restored a little HP using its Leftovers!</small><br></div><div class="spacer battle-history"><br></div><h2 class="battle-history">Turn 11</h2><div class="spacer battle-history"><br></div><div class="battle-history">The opposing Zapdos used <strong>Thunder</strong>!<br></div><div class="battle-history"><small>(Snorlax lost <abbr title="−163/523">31.2%</abbr> of its health!)</small><br></div><div class="spacer battle-history"><br></div><div class="battle-history">Snorlax used <strong>Flamethrower</strong>!<br></div><div class="battle-history"><small>(The opposing Zapdos lost <abbr title="−65/383">17.0%</abbr> of its health!)</small><br></div><div class="spacer battle-history"><br></div><div class="battle-history"><small>The opposing Zapdos restored a little HP using its Leftovers!</small><br></div><div class="battle-history"><small>Snorlax restored a little HP using its Leftovers!</small><br></div><div class="spacer battle-history"><br></div><h2 class="battle-history">Turn 12</h2><div class="spacer battle-history"><br></div><div class="battle-history">The opposing Zapdos used <strong>Thunder</strong>!<br></div><div class="battle-history"><small>A critical hit!</small><br></div><div class="battle-history"><small>(Snorlax lost <abbr title="−310/523">59.3%</abbr> of its health!)</small><br></div><div class="battle-history"><small>Snorlax is paralyzed! It may be unable to move!</small><br></div><div class="spacer battle-history"><br></div><div class="battle-history">Snorlax is paralyzed! It can't move!<br></div><div class="spacer battle-history"><br></div><div class="battle-history"><small>The opposing Zapdos restored a little HP using its Leftovers!</small><br></div><div class="battle-history"><small>Snorlax restored a little HP using its Leftovers!</small><br></div><div class="spacer battle-history"><br></div><h2 class="battle-history">Turn 13</h2><div class="chat chatmessage-vileman"><strong style="color:#9b6b34"><small>☆</small><span class="username" data-name="Vileman">Vileman</span>:</strong> <em>soz</em></div><div class="spacer battle-history"><br></div><div class="battle-history">Snorlax, come back!<br></div><div class="battle-history">Go! <strong>Exeggutor</strong>!<br></div><div class="spacer battle-history"><br></div><div class="battle-history">The opposing Zapdos used <strong>Thunder</strong>!<br></div><div class="battle-history"><small>It's not very effective...</small><br></div><div class="battle-history"><small>(Exeggutor lost <abbr title="−101/393">25.7%</abbr> of its health!)</small><br></div><div class="spacer battle-history"><br></div><div class="battle-history"><small>The opposing Zapdos restored a little HP using its Leftovers!</small><br></div><div class="battle-history"><small>Exeggutor restored a little HP using its Leftovers!</small><br></div><div class="spacer battle-history"><br></div><h2 class="battle-history">Turn 14</h2><div class="spacer battle-history"><br></div><div class="battle-history">Exeggutor, come back!<br></div><div class="battle-history">Go! <strong>Jynx</strong>!<br></div><div class="spacer battle-history"><br></div><div class="battle-history">The opposing Zapdos used <strong>Hidden Power</strong>!<br></div><div class="battle-history"><small>It's not very effective...</small><br></div><div class="battle-history"><small>(Jynx lost <abbr title="−30/333">9.0%</abbr> of its health!)</small><br></div><div class="spacer battle-history"><br></div><div class="battle-history"><small>Jynx restored a little HP using its Leftovers!</small><br></div><div class="spacer battle-history"><br></div><h2 class="battle-history">Turn 15</h2><div class="spacer battle-history"><br></div><div class="battle-history">The opposing Zapdos used <strong>Thunder</strong>!<br></div><div class="battle-history"><small>(Jynx lost <abbr title="−173/333">52.0%</abbr> of its health!)</small><br></div><div class="spacer battle-history"><br></div><div class="battle-history">Jynx used <strong>Ice Beam</strong>!<br></div><div class="battle-history"><small>It's super effective!</small><br></div><div class="battle-history"><small>(The opposing Zapdos lost <abbr title="−288/383">75.2%</abbr> of its health!)</small><br></div><div class="battle-history"><small>The opposing Zapdos was frozen solid!</small><br></div><div class="spacer battle-history"><br></div><div class="battle-history"><small>The opposing Zapdos restored a little HP using its Leftovers!</small><br></div><div class="battle-history"><small>Jynx restored a little HP using its Leftovers!</small><br></div><div class="spacer battle-history"><br></div><h2 class="battle-history">Turn 16</h2><div class="chat chatmessage-vileman"><strong style="color:#9b6b34"><small>☆</small><span class="username" data-name="Vileman">Vileman</span>:</strong> <em>karma</em></div><div class="spacer battle-history"><br></div><div class="battle-history">Vileman withdrew Zapdos!<br></div><div class="battle-history">Vileman sent out <strong>Snorlax</strong>!<br></div><div class="battle-history"><small>The opposing Snorlax was hurt by the spikes!</small><br></div><div class="spacer battle-history"><br></div><div class="battle-history">Jynx used <strong>Lovely Kiss</strong>!<br></div><div class="battle-history"><small>The opposing Snorlax fell asleep!</small><br></div><div class="spacer battle-history"><br></div><div class="battle-history"><small>Jynx restored a little HP using its Leftovers!</small><br></div><div class="battle-history"><small>The opposing Snorlax restored a little HP using its Leftovers!</small><br></div><div class="spacer battle-history"><br></div><h2 class="battle-history">Turn 17</h2><div class="spacer battle-history"><br></div><div class="battle-history">Jynx, come back!<br></div><div class="battle-history">Go! <strong>Snorlax</strong>!<br></div><div class="spacer battle-history"><br></div><div class="battle-history">The opposing Snorlax is fast asleep.<br></div><div class="spacer battle-history"><br></div><div class="battle-history"><small>The opposing Snorlax restored a little HP using its Leftovers!</small><br></div><div class="battle-history"><small>Snorlax restored a little HP using its Leftovers!</small><br></div><div class="spacer battle-history"><br></div><h2 class="battle-history">Turn 18</h2><div class="spacer battle-history"><br></div><div class="battle-history">The opposing Snorlax is fast asleep.<br></div><div class="spacer battle-history"><br></div><div class="battle-history">Snorlax used <strong>Rest</strong>!<br></div><div class="battle-history"><small>Snorlax fell asleep!</small><br></div><div class="battle-history"><small>Snorlax slept and became healthy!</small><br></div><div class="spacer battle-history"><br></div><div class="battle-history"><small>The opposing Snorlax restored a little HP using its Leftovers!</small><br></div><div class="spacer battle-history"><br></div><h2 class="battle-history">Turn 19</h2><div class="spacer battle-history"><br></div><div class="battle-history">The opposing Snorlax is fast asleep.<br></div><div class="spacer battle-history"><br></div><div class="battle-history">Snorlax is fast asleep.<br></div><div class="spacer battle-history"><br></div><h2 class="battle-history">Turn 20</h2><div class="spacer battle-history"><br></div><div class="battle-history">The opposing Snorlax is fast asleep.<br></div><div class="spacer battle-history"><br></div><div class="battle-history">Snorlax is fast asleep.<br></div><div class="spacer battle-history"><br></div><h2 class="battle-history">Turn 21</h2><div class="spacer battle-history"><br></div><div class="battle-history">Snorlax, come back!<br></div><div class="battle-history">Go! <strong>Golem</strong>!<br></div><div class="spacer battle-history"><br></div><div class="battle-history">The opposing Snorlax is fast asleep.<br></div><div class="spacer battle-history"><br></div><h2 class="battle-history">Turn 22</h2><div class="spacer battle-history"><br></div><div class="battle-history">Vileman withdrew Snorlax!<br></div><div class="battle-history">Vileman sent out <strong>Skarmory</strong>!<br></div><div class="spacer battle-history"><br></div><div class="battle-history">Golem used <strong>Earthquake</strong>!<br></div><div class="battle-history"><small>It doesn't affect the opposing Skarmory...</small><br></div><div class="spacer battle-history"><br></div><h2 class="battle-history">Turn 23</h2><div class="spacer battle-history"><br></div><div class="battle-history">The opposing Skarmory used <strong>Whirlwind</strong>!<br></div><div class="battle-history"><small>But it failed!</small><br></div><div class="spacer battle-history"><br></div><div class="battle-history">Golem used <strong>Roar</strong>!<br></div><div class="spacer battle-history"><br></div><div class="battle-history"><strong>Snorlax</strong> was dragged out!<br></div><div class="battle-history"><small>The opposing Snorlax was hurt by the spikes!</small><br></div><div class="spacer battle-history"><br></div><div class="battle-history"><small>The opposing Snorlax restored a little HP using its Leftovers!</small><br></div><div class="spacer battle-history"><br></div><h2 class="battle-history">Turn 24</h2><div class="spacer battle-history"><br></div><div class="battle-history">Vileman withdrew Snorlax!<br></div><div class="battle-history">Vileman sent out <strong>Skarmory</strong>!<br></div><div class="spacer battle-history"><br></div><div class="battle-history">Golem used <strong>Earthquake</strong>!<br></div><div class="battle-history"><small>It doesn't affect the opposing Skarmory...</small><br></div><div class="spacer battle-history"><br></div><h2 class="battle-history">Turn 25</h2><div class="spacer battle-history"><br></div><div class="battle-history">The opposing Skarmory used <strong>Thief</strong>!<br></div><div class="battle-history"><small>(Golem lost <abbr title="−25/363">6.9%</abbr> of its health!)</small><br></div><div class="spacer battle-history"><br></div><div class="battle-history">Golem used <strong>Roar</strong>!<br></div><div class="spacer battle-history"><br></div><div class="battle-history"><strong>Cloyster</strong> was dragged out!<br></div><div class="battle-history"><small>The opposing Cloyster was hurt by the spikes!</small><br></div><div class="spacer battle-history"><br></div><div class="battle-history"><small>The opposing Cloyster restored a little HP using its Leftovers!</small><br></div><div class="battle-history"><small>Golem restored a little HP using its Leftovers!</small><br></div><div class="spacer battle-history"><br></div><h2 class="battle-history">Turn 26</h2><div class="spacer battle-history"><br></div><div class="battle-history">Golem, come back!<br></div><div class="battle-history">Go! <strong>Forretress</strong>!<br></div><div class="spacer battle-history"><br></div><div class="battle-history">The opposing Cloyster used <strong>Spikes</strong>!<br></div><div class="battle-history"><small>Spikes were scattered on the ground all around your team!</small><br></div><div class="spacer battle-history"><br></div><div class="battle-history"><small>The opposing Cloyster restored a little HP using its Leftovers!</small><br></div><div class="spacer battle-history"><br></div><h2 class="battle-history">Turn 27</h2><div class="spacer battle-history"><br></div><div class="battle-history">The opposing Cloyster used <strong>Surf</strong>!<br></div><div class="battle-history"><small>(Forretress lost <abbr title="−133/353">37.7%</abbr> of its health!)</small><br></div><div class="spacer battle-history"><br></div><div class="battle-history">Forretress used <strong>Rapid Spin</strong>!<br></div><div class="battle-history"><small>(The opposing Cloyster lost <abbr title="−10/303">3.3%</abbr> of its health!)</small><br></div><div class="battle-history"><small>The spikes disappeared from the ground around your team!</small><br></div><div class="spacer battle-history"><br></div><div class="battle-history"><small>The opposing Cloyster restored a little HP using its Leftovers!</small><br></div><div class="battle-history"><small>Forretress restored a little HP using its Leftovers!</small><br></div><div class="spacer battle-history"><br></div><h2 class="battle-history">Turn 28</h2><div class="spacer battle-history"><br></div><div class="battle-history">The opposing Cloyster used <strong>Surf</strong>!<br></div><div class="battle-history"><small>(Forretress lost <abbr title="−135/353">38.2%</abbr> of its health!)</small><br></div><div class="spacer battle-history"><br></div><div class="battle-history">Forretress used <strong>Toxic</strong>!<br></div><div class="battle-history"><small>The opposing Cloyster was badly poisoned!</small><br></div><div class="spacer battle-history"><br></div><div class="battle-history"><small>Forretress restored a little HP using its Leftovers!</small><br></div><div class="spacer battle-history"><br></div><h2 class="battle-history">Turn 29</h2><div class="spacer battle-history"><br></div><div class="battle-history">Forretress, come back!<br></div><div class="battle-history">Go! <strong>Exeggutor</strong>!<br></div><div class="spacer battle-history"><br></div><div class="battle-history">The opposing Cloyster used <strong>Spikes</strong>!<br></div><div class="battle-history"><small>Spikes were scattered on the ground all around your team!</small><br></div><div class="battle-history"><small>The opposing Cloyster was hurt by poison!</small><br></div><div class="spacer battle-history"><br></div><div class="battle-history"><small>The opposing Cloyster restored a little HP using its Leftovers!</small><br></div><div class="battle-history"><small>Exeggutor restored a little HP using its Leftovers!</small><br></div><div class="spacer battle-history"><br></div><h2 class="battle-history">Turn 30</h2><div class="spacer battle-history"><br></div><div class="battle-history">Vileman withdrew Cloyster!<br></div><div class="battle-history">Vileman sent out <strong>Skarmory</strong>!<br></div><div class="spacer battle-history"><br></div><div class="battle-history">Exeggutor used <strong>Leech Seed</strong>!<br></div><div class="battle-history"><small>The opposing Skarmory was seeded!</small><br></div><div class="spacer battle-history"><br></div><div class="battle-history"><small>Exeggutor restored a little HP using its Leftovers!</small><br></div><div class="spacer battle-history"><br></div><h2 class="battle-history">Turn 31</h2><div class="spacer battle-history"><br></div><div class="battle-history">Exeggutor, come back!<br></div><div class="battle-history">Go! <strong>Golem</strong>!<br></div><div class="battle-history"><small>Golem was hurt by the spikes!</small><br></div><div class="spacer battle-history"><br></div><div class="battle-history">The opposing Skarmory used <strong>Drill Peck</strong>!<br></div><div class="battle-history"><small>It's not very effective...</small><br></div><div class="battle-history"><small>(Golem lost <abbr title="−37/363">10.2%</abbr> of its health!)</small><br></div><div class="battle-history"><small>The opposing Skarmory's health is sapped by Leech Seed!</small><br></div><div class="spacer battle-history"><br></div><div class="battle-history"><small>The opposing Skarmory restored a little HP using its Leftovers!</small><br></div><div class="battle-history"><small>Golem restored a little HP using its Leftovers!</small><br></div><div class="spacer battle-history"><br></div><h2 class="battle-history">Turn 32</h2><div class="spacer battle-history"><br></div><div class="battle-history">Golem used <strong>Earthquake</strong>!<br></div><div class="battle-history"><small>It doesn't affect the opposing Skarmory...</small><br></div><div class="spacer battle-history"><br></div><div class="battle-history">The opposing Skarmory used <strong>Whirlwind</strong>!<br></div><div class="spacer battle-history"><br></div><div class="battle-history"><strong>Zapdos</strong> was dragged out!<br></div><div class="battle-history"><small>The opposing Skarmory's health is sapped by Leech Seed!</small><br></div><div class="spacer battle-history"><br></div><div class="battle-history"><small>The opposing Skarmory restored a little HP using its Leftovers!</small><br></div><div class="spacer battle-history"><br></div><h2 class="battle-history">Turn 33</h2><div class="spacer battle-history"><br></div><div class="battle-history">Zapdos, come back!<br></div><div class="battle-history">Go! <strong>Golem</strong>!<br></div><div class="battle-history"><small>Golem was hurt by the spikes!</small><br></div><div class="spacer battle-history"><br></div><div class="battle-history">Vileman withdrew Skarmory!<br></div><div class="battle-history">Vileman sent out <strong>Zapdos</strong>!<br></div><div class="spacer battle-history"><br></div><div class="battle-history"><small>The opposing Zapdos restored a little HP using its Leftovers!</small><br></div><div class="battle-history"><small>Golem restored a little HP using its Leftovers!</small><br></div><div class="spacer battle-history"><br></div><h2 class="battle-history">Turn 34</h2><div class="spacer battle-history"><br></div><div class="battle-history">The opposing Zapdos is frozen solid!<br></div><div class="spacer battle-history"><br></div><div class="battle-history">Golem used <strong>Rock Slide</strong>!<br></div><div class="battle-history"><small>The opposing Zapdos avoided the attack!</small><br></div><div class="spacer battle-history"><br></div><div class="battle-history"><small>The opposing Zapdos restored a little HP using its Leftovers!</small><br></div><div class="battle-history"><small>Golem restored a little HP using its Leftovers!</small><br></div><div class="spacer battle-history"><br></div><h2 class="battle-history">Turn 35</h2><div class="spacer battle-history"><br></div><div class="battle-history">The opposing Zapdos is frozen solid!<br></div><div class="spacer battle-history"><br></div><div class="battle-history">Golem used <strong>Rock Slide</strong>!<br></div><div class="battle-history"><small>It's super effective!</small><br></div><div class="battle-history"><small>(The opposing Zapdos lost <abbr title="−164/383">42.8%</abbr> of its health!)</small><br></div><div class="spacer battle-history"><br></div><div class="battle-history">The opposing Zapdos fainted!<br></div><div class="spacer battle-history"><br></div><div class="battle-history">Vileman sent out <strong>Cloyster</strong>!<br></div><div class="battle-history"><small>The opposing Cloyster was poisoned!</small><br></div><div class="battle-history"><small>The opposing Cloyster was hurt by the spikes!</small><br></div><div class="spacer battle-history"><br></div><div class="battle-history"><small>The opposing Cloyster restored a little HP using its Leftovers!</small><br></div><div class="battle-history"><small>Golem restored a little HP using its Leftovers!</small><br></div><div class="spacer battle-history"><br></div><h2 class="battle-history">Turn 36</h2><div class="spacer battle-history"><br></div><div class="battle-history">Golem, come back!<br></div><div class="battle-history">Go! <strong>Exeggutor</strong>!<br></div><div class="battle-history"><small>Exeggutor was hurt by the spikes!</small><br></div><div class="spacer battle-history"><br></div><div class="battle-history">The opposing Cloyster used <strong>Toxic</strong>!<br></div><div class="battle-history"><small>Exeggutor was badly poisoned!</small><br></div><div class="battle-history"><small>The opposing Cloyster was hurt by poison!</small><br></div><div class="spacer battle-history"><br></div><div class="battle-history"><small>The opposing Cloyster restored a little HP using its Leftovers!</small><br></div><div class="battle-history"><small>Exeggutor restored a little HP using its Leftovers!</small><br></div><div class="spacer battle-history"><br></div><h2 class="battle-history">Turn 37</h2><div class="spacer battle-history"><br></div><div class="battle-history">Vileman withdrew Cloyster!<br></div><div class="battle-history">Vileman sent out <strong>Skarmory</strong>!<br></div><div class="spacer battle-history"><br></div><div class="battle-history">Exeggutor used <strong>Leech Seed</strong>!<br></div><div class="battle-history"><small>The opposing Skarmory was seeded!</small><br></div><div class="battle-history"><small>Exeggutor was hurt by poison!</small><br></div><div class="spacer battle-history"><br></div><div class="battle-history"><small>The opposing Skarmory restored a little HP using its Leftovers!</small><br></div><div class="battle-history"><small>Exeggutor restored a little HP using its Leftovers!</small><br></div><div class="spacer battle-history"><br></div><h2 class="battle-history">Turn 38</h2><div class="spacer battle-history"><br></div><div class="battle-history">Vileman withdrew Skarmory!<br></div><div class="battle-history">Vileman sent out <strong>Cloyster</strong>!<br></div><div class="battle-history"><small>The opposing Cloyster was hurt by the spikes!</small><br></div><div class="battle-history"><small>The opposing Cloyster was hurt by poison!</small><br></div><div class="spacer battle-history"><br></div><div class="battle-history">Exeggutor used <strong>Giga Drain</strong>!<br></div><div class="battle-history"><small>It's super effective!</small><br></div><div class="battle-history"><small>(The opposing Cloyster lost <abbr title="−191/303">63.0%</abbr> of its health!)</small><br></div><div class="battle-history"><small>The opposing Cloyster had its energy drained!</small><br></div><div class="spacer battle-history"><br></div><div class="battle-history">The opposing Cloyster fainted!<br></div><div class="chat chatmessage-fear"><strong style="color:#99960b"><small>☆</small><span class="username" data-name="Fear">Fear</span>:</strong> <em>gotcha</em></div><div class="chat chatmessage-vileman"><strong style="color:#9b6b34"><small>☆</small><span class="username" data-name="Vileman">Vileman</span>:</strong> <em>dam</em></div><div class="chat chatmessage-vileman"><strong style="color:#9b6b34"><small>☆</small><span class="username" data-name="Vileman">Vileman</span>:</strong> <em>yea</em></div><div class="spacer battle-history"><br></div><div class="battle-history">Vileman sent out <strong>Skarmory</strong>!<br></div><div class="spacer battle-history"><br></div><div class="battle-history"><small>The opposing Skarmory restored a little HP using its Leftovers!</small><br></div><div class="spacer battle-history"><br></div><h2 class="battle-history">Turn 39</h2><div class="spacer battle-history"><br></div><div class="battle-history">Exeggutor, come back!<br></div><div class="battle-history">Go! <strong>Zapdos</strong>!<br></div><div class="spacer battle-history"><br></div><div class="battle-history">The opposing Skarmory used <strong>Drill Peck</strong>!<br></div><div class="battle-history"><small>It's not very effective...</small><br></div><div class="battle-history"><small>(Zapdos lost <abbr title="−49/383">12.8%</abbr> of its health!)</small><br></div><div class="spacer battle-history"><br></div><div class="battle-history"><small>Zapdos restored a little HP using its Leftovers!</small><br></div><div class="battle-history"><small>The opposing Skarmory restored a little HP using its Leftovers!</small><br></div><div class="spacer battle-history"><br></div><h2 class="battle-history">Turn 40</h2><div class="spacer battle-history"><br></div><div class="battle-history">Zapdos, come back!<br></div><div class="battle-history">Go! <strong>Forretress</strong>!<br></div><div class="battle-history"><small>Forretress was hurt by the spikes!</small><br></div><div class="spacer battle-history"><br></div><div class="battle-history">Vileman withdrew Skarmory!<br></div><div class="battle-history">Vileman sent out <strong>Raikou</strong>!<br></div><div class="battle-history"><small>The opposing Raikou was hurt by the spikes!</small><br></div><div class="spacer battle-history"><br></div><div class="battle-history"><small>The opposing Raikou restored a little HP using its Leftovers!</small><br></div><div class="battle-history"><small>Forretress restored a little HP using its Leftovers!</small><br></div><div class="spacer battle-history"><br></div><h2 class="battle-history">Turn 41</h2><div class="spacer battle-history"><br></div><div class="battle-history">Forretress, come back!<br></div><div class="battle-history">Go! <strong>Exeggutor</strong>!<br></div><div class="battle-history"><small>Exeggutor was poisoned!</small><br></div><div class="battle-history"><small>Exeggutor was hurt by the spikes!</small><br></div><div class="battle-history"><small>Exeggutor was hurt by poison!</small><br></div><div class="spacer battle-history"><br></div><div class="battle-history">The opposing Raikou used <strong>Thunder</strong>!<br></div><div class="battle-history"><small>It's not very effective...</small><br></div><div class="battle-history"><small>(Exeggutor lost <abbr title="−110/393">28.0%</abbr> of its health!)</small><br></div><div class="spacer battle-history"><br></div><div class="battle-history"><small>The opposing Raikou restored a little HP using its Leftovers!</small><br></div><div class="battle-history"><small>Exeggutor restored a little HP using its Leftovers!</small><br></div><div class="spacer battle-history"><br></div><h2 class="battle-history">Turn 42</h2><div class="spacer battle-history"><br></div><div class="battle-history">Vileman withdrew Raikou!<br></div><div class="battle-history">Vileman sent out <strong>Skarmory</strong>!<br></div><div class="spacer battle-history"><br></div><div class="battle-history">Exeggutor, come back!<br></div><div class="battle-history">Go! <strong>Snorlax</strong>!<br></div><div class="battle-history"><small>Snorlax was hurt by the spikes!</small><br></div><div class="spacer battle-history"><br></div><div class="battle-history"><small>Snorlax restored a little HP using its Leftovers!</small><br></div><div class="spacer battle-history"><br></div><h2 class="battle-history">Turn 43</h2><div class="spacer battle-history"><br></div><div class="battle-history">Vileman withdrew Skarmory!<br></div><div class="battle-history">Vileman sent out <strong>Gengar</strong>!<br></div><div class="battle-history"><small>The opposing Gengar was hurt by the spikes!</small><br></div><div class="battle-history"><small>Snorlax woke up!</small><br></div><div class="spacer battle-history"><br></div><div class="battle-history">Snorlax used <strong>Flamethrower</strong>!<br></div><div class="battle-history"><small>(The opposing Gengar lost <abbr title="−64/323">19.8%</abbr> of its health!)</small><br></div><div class="spacer battle-history"><br></div><div class="battle-history"><small>The opposing Gengar restored a little HP using its Leftovers!</small><br></div><div class="battle-history"><small>Snorlax restored a little HP using its Leftovers!</small><br></div><div class="spacer battle-history"><br></div><h2 class="battle-history">Turn 44</h2><div class="spacer battle-history"><br></div><div class="battle-history">The opposing Gengar used <strong>Dynamic Punch</strong>!<br></div><div class="battle-history"><small>It's super effective!</small><br></div><div class="battle-history"><small>(Snorlax lost <abbr title="−157/523">30.0%</abbr> of its health!)</small><br></div><div class="battle-history"><small>Snorlax became confused!</small><br></div><div class="spacer battle-history"><br></div><div class="battle-history"><small>Snorlax is confused!</small><br></div><div class="battle-history">It hurt itself in its confusion!<br></div><div class="spacer battle-history"><br></div><div class="battle-history"><small>The opposing Gengar restored a little HP using its Leftovers!</small><br></div><div class="battle-history"><small>Snorlax restored a little HP using its Leftovers!</small><br></div><div class="spacer battle-history"><br></div><h2 class="battle-history">Turn 45</h2><div class="spacer battle-history"><br></div><div class="battle-history">The opposing Gengar used <strong>Ice Punch</strong>!<br></div><div class="battle-history"><small>(Snorlax lost <abbr title="−67/523">12.8%</abbr> of its health!)</small><br></div><div class="battle-history"><small>Snorlax snapped out of its confusion!</small><br></div><div class="spacer battle-history"><br></div><div class="battle-history">Snorlax used <strong>Curse</strong>!<br></div><div class="battle-history"><small>Snorlax's Speed fell!</small><br></div><div class="battle-history"><small>Snorlax's Attack rose!</small><br></div><div class="battle-history"><small>Snorlax's Defense rose!</small><br></div><div class="spacer battle-history"><br></div><div class="battle-history"><small>The opposing Gengar restored a little HP using its Leftovers!</small><br></div><div class="battle-history"><small>Snorlax restored a little HP using its Leftovers!</small><br></div><div class="spacer battle-history"><br></div><h2 class="battle-history">Turn 46</h2><div class="spacer battle-history"><br></div><div class="battle-history">The opposing Gengar used <strong>Dynamic Punch</strong>!<br></div><div class="battle-history"><small>It's super effective!</small><br></div><div class="battle-history"><small>(Snorlax lost <abbr title="−112/523">21.4%</abbr> of its health!)</small><br></div><div class="battle-history"><small>Snorlax became confused!</small><br></div><div class="spacer battle-history"><br></div><div class="battle-history"><small>Snorlax is confused!</small><br></div><div class="battle-history">It hurt itself in its confusion!<br></div><div class="spacer battle-history"><br></div><div class="battle-history"><small>The opposing Gengar restored a little HP using its Leftovers!</small><br></div><div class="battle-history"><small>Snorlax restored a little HP using its Leftovers!</small><br></div><div class="spacer battle-history"><br></div><h2 class="battle-history">Turn 47</h2><div class="spacer battle-history"><br></div><div class="battle-history">The opposing Gengar used <strong>Ice Punch</strong>!<br></div><div class="battle-history"><small>(Snorlax lost <abbr title="−70/523">13.4%</abbr> of its health!)</small><br></div><div class="spacer battle-history"><br></div><div class="battle-history"><small>Snorlax is confused!</small><br></div><div class="battle-history">Snorlax used <strong>Rest</strong>!<br></div><div class="battle-history"><small>Snorlax fell asleep!</small><br></div><div class="battle-history"><small>Snorlax slept and became healthy!</small><br></div><div class="spacer battle-history"><br></div><div class="battle-history"><small>The opposing Gengar restored a little HP using its Leftovers!</small><br></div><div class="spacer battle-history"><br></div><h2 class="battle-history">Turn 48</h2><div class="spacer battle-history"><br></div><div class="battle-history">The opposing Gengar used <strong>Dynamic Punch</strong>!<br></div><div class="battle-history"><small>It's super effective!</small><br></div><div class="battle-history"><small>(Snorlax lost <abbr title="−105/523">20.1%</abbr> of its health!)</small><br></div><div class="spacer battle-history"><br></div><div class="battle-history">Snorlax is fast asleep.<br></div><div class="spacer battle-history"><br></div><div class="battle-history"><small>The opposing Gengar restored a little HP using its Leftovers!</small><br></div><div class="battle-history"><small>Snorlax restored a little HP using its Leftovers!</small><br></div><div class="spacer battle-history"><br></div><h2 class="battle-history">Turn 49</h2><div class="spacer battle-history"><br></div><div class="battle-history">The opposing Gengar used <strong>Ice Punch</strong>!<br></div><div class="battle-history"><small>(Snorlax lost <abbr title="−61/523">11.7%</abbr> of its health!)</small><br></div><div class="spacer battle-history"><br></div><div class="battle-history">Snorlax is fast asleep.<br></div><div class="spacer battle-history"><br></div><div class="battle-history"><small>The opposing Gengar restored a little HP using its Leftovers!</small><br></div><div class="battle-history"><small>Snorlax restored a little HP using its Leftovers!</small><br></div><div class="spacer battle-history"><br></div><h2 class="battle-history">Turn 50</h2><div class="spacer battle-history"><br></div><div class="battle-history">The opposing Gengar used <strong>Thunderbolt</strong>!<br></div><div class="battle-history"><small>(Snorlax lost <abbr title="−90/523">17.2%</abbr> of its health!)</small><br></div><div class="battle-history"><small>Snorlax woke up!</small><br></div><div class="spacer battle-history"><br></div><div class="battle-history"><small>Snorlax is confused!</small><br></div><div class="battle-history">It hurt itself in its confusion!<br></div><div class="spacer battle-history"><br></div><div class="battle-history"><small>Snorlax restored a little HP using its Leftovers!</small><br></div><div class="spacer battle-history"><br></div><h2 class="battle-history">Turn 51</h2><div class="spacer battle-history"><br></div><div class="battle-history">The opposing Gengar used <strong>Thunderbolt</strong>!<br></div><div class="battle-history"><small>A critical hit!</small><br></div><div class="battle-history"><small>(Snorlax lost <abbr title="−159/523">30.4%</abbr> of its health!)</small><br></div><div class="spacer battle-history"><br></div><div class="battle-history"><small>Snorlax is confused!</small><br></div><div class="battle-history">Snorlax used <strong>Rest</strong>!<br></div><div class="battle-history"><small>Snorlax fell asleep!</small><br></div><div class="battle-history"><small>Snorlax slept and became healthy!</small><br></div><div class="spacer battle-history"><br></div><h2 class="battle-history">Turn 52</h2><div class="spacer battle-history"><br></div><div class="battle-history">Vileman withdrew Gengar!<br></div><div class="battle-history">Vileman sent out <strong>Skarmory</strong>!<br></div><div class="spacer battle-history"><br></div><div class="battle-history">Snorlax is fast asleep.<br></div><div class="spacer battle-history"><br></div><h2 class="battle-history">Turn 53</h2><div class="spacer battle-history"><br></div><div class="battle-history">Snorlax is fast asleep.<br></div><div class="spacer battle-history"><br></div><div class="battle-history">The opposing Skarmory used <strong>Whirlwind</strong>!<br></div><div class="spacer battle-history"><br></div><div class="battle-history"><strong>Exeggutor</strong> was dragged out!<br></div><div class="battle-history"><small>Exeggutor was hurt by the spikes!</small><br></div><div class="spacer battle-history"><br></div><div class="battle-history"><small>Exeggutor restored a little HP using its Leftovers!</small><br></div><div class="spacer battle-history"><br></div><h2 class="battle-history">Turn 54</h2><div class="spacer battle-history"><br></div><div class="battle-history">Exeggutor, come back!<br></div><div class="battle-history">Go! <strong>Zapdos</strong>!<br></div><div class="spacer battle-history"><br></div><div class="battle-history">The opposing Skarmory used <strong>Whirlwind</strong>!<br></div><div class="spacer battle-history"><br></div><div class="battle-history"><strong>Snorlax</strong> was dragged out!<br></div><div class="battle-history"><small>Snorlax was hurt by the spikes!</small><br></div><div class="spacer battle-history"><br></div><div class="battle-history"><small>Snorlax restored a little HP using its Leftovers!</small><br></div><div class="spacer battle-history"><br></div><h2 class="battle-history">Turn 55</h2><div class="spacer battle-history"><br></div><div class="battle-history">The opposing Skarmory used <strong>Drill Peck</strong>!<br></div><div class="battle-history"><small>(Snorlax lost <abbr title="−107/523">20.5%</abbr> of its health!)</small><br></div><div class="battle-history"><small>Snorlax woke up!</small><br></div><div class="spacer battle-history"><br></div><div class="battle-history">Snorlax used <strong>Flamethrower</strong>!<br></div><div class="battle-history"><small>It's super effective!</small><br></div><div class="battle-history"><small>(The opposing Skarmory lost <abbr title="−138/333">41.4%</abbr> of its health!)</small><br></div><div class="spacer battle-history"><br></div><div class="battle-history"><small>The opposing Skarmory restored a little HP using its Leftovers!</small><br></div><div class="battle-history"><small>Snorlax restored a little HP using its Leftovers!</small><br></div><div class="spacer battle-history"><br></div><h2 class="battle-history">Turn 56</h2><div class="spacer battle-history"><br></div><div class="battle-history">Vileman withdrew Skarmory!<br></div><div class="battle-history">Vileman sent out <strong>Gengar</strong>!<br></div><div class="battle-history"><small>The opposing Gengar was hurt by the spikes!</small><br></div><div class="spacer battle-history"><br></div><div class="battle-history">Snorlax used <strong>Flamethrower</strong>!<br></div><div class="battle-history"><small>(The opposing Gengar lost <abbr title="−67/323">20.7%</abbr> of its health!)</small><br></div><div class="spacer battle-history"><br></div><div class="battle-history"><small>The opposing Gengar restored a little HP using its Leftovers!</small><br></div><div class="battle-history"><small>Snorlax restored a little HP using its Leftovers!</small><br></div><div class="spacer battle-history"><br></div><h2 class="battle-history">Turn 57</h2><div class="spacer battle-history"><br></div><div class="battle-history">The opposing Gengar used <strong>Dynamic Punch</strong>!<br></div><div class="battle-history"><small>Snorlax avoided the attack!</small><br></div><div class="spacer battle-history"><br></div><div class="battle-history">Snorlax used <strong>Curse</strong>!<br></div><div class="battle-history"><small>Snorlax's Speed fell!</small><br></div><div class="battle-history"><small>Snorlax's Attack rose!</small><br></div><div class="battle-history"><small>Snorlax's Defense rose!</small><br></div><div class="spacer battle-history"><br></div><div class="battle-history"><small>The opposing Gengar restored a little HP using its Leftovers!</small><br></div><div class="battle-history"><small>Snorlax restored a little HP using its Leftovers!</small><br></div><div class="spacer battle-history"><br></div><h2 class="battle-history">Turn 58</h2><div class="spacer battle-history"><br></div><div class="battle-history">The opposing Gengar used <strong>Dynamic Punch</strong>!<br></div><div class="battle-history"><small>Snorlax avoided the attack!</small><br></div><div class="spacer battle-history"><br></div><div class="battle-history">Snorlax used <strong>Flamethrower</strong>!<br></div><div class="battle-history"><small>(The opposing Gengar lost <abbr title="−65/323">20.1%</abbr> of its health!)</small><br></div><div class="spacer battle-history"><br></div><div class="battle-history"><small>The opposing Gengar restored a little HP using its Leftovers!</small><br></div><div class="battle-history"><small>Snorlax restored a little HP using its Leftovers!</small><br></div><div class="spacer battle-history"><br></div><h2 class="battle-history">Turn 59</h2><div class="spacer battle-history"><br></div><div class="battle-history">The opposing Gengar used <strong>Dynamic Punch</strong>!<br></div><div class="battle-history"><small>It's super effective!</small><br></div><div class="battle-history"><small>(Snorlax lost <abbr title="−105/523">20.1%</abbr> of its health!)</small><br></div><div class="battle-history"><small>Snorlax became confused!</small><br></div><div class="spacer battle-history"><br></div><div class="battle-history"><small>Snorlax is confused!</small><br></div><div class="battle-history">It hurt itself in its confusion!<br></div><div class="spacer battle-history"><br></div><div class="battle-history"><small>The opposing Gengar restored a little HP using its Leftovers!</small><br></div><div class="battle-history"><small>Snorlax restored a little HP using its Leftovers!</small><br></div><div class="spacer battle-history"><br></div><h2 class="battle-history">Turn 60</h2><div class="spacer battle-history"><br></div><div class="battle-history">The opposing Gengar used <strong>Thunderbolt</strong>!<br></div><div class="battle-history"><small>(Snorlax lost <abbr title="−77/523">14.7%</abbr> of its health!)</small><br></div><div class="spacer battle-history"><br></div><div class="battle-history"><small>Snorlax is confused!</small><br></div><div class="battle-history">Snorlax used <strong>Rest</strong>!<br></div><div class="battle-history"><small>Snorlax fell asleep!</small><br></div><div class="battle-history"><small>Snorlax slept and became healthy!</small><br></div><div class="spacer battle-history"><br></div><div class="battle-history"><small>The opposing Gengar restored a little HP using its Leftovers!</small><br></div><div class="spacer battle-history"><br></div><h2 class="battle-history">Turn 61</h2><div class="spacer battle-history"><br></div><div class="battle-history">Vileman withdrew Gengar!<br></div><div class="battle-history">Vileman sent out <strong>Skarmory</strong>!<br></div><div class="spacer battle-history"><br></div><div class="battle-history">Snorlax is fast asleep.<br></div><div class="spacer battle-history"><br></div><div class="battle-history"><small>The opposing Skarmory restored a little HP using its Leftovers!</small><br></div><div class="spacer battle-history"><br></div><h2 class="battle-history">Turn 62</h2><div class="spacer battle-history"><br></div><div class="battle-history">Snorlax is fast asleep.<br></div><div class="spacer battle-history"><br></div><div class="battle-history">The opposing Skarmory used <strong>Whirlwind</strong>!<br></div><div class="spacer battle-history"><br></div><div class="battle-history"><strong>Forretress</strong> was dragged out!<br></div><div class="battle-history"><small>Forretress was hurt by the spikes!</small><br></div><div class="spacer battle-history"><br></div><div class="battle-history"><small>The opposing Skarmory restored a little HP using its Leftovers!</small><br></div><div class="battle-history"><small>Forretress restored a little HP using its Leftovers!</small><br></div><div class="spacer battle-history"><br></div><h2 class="battle-history">Turn 63</h2><div class="spacer battle-history"><br></div><div class="battle-history">The opposing Skarmory used <strong>Drill Peck</strong>!<br></div><div class="battle-history"><small>(Forretress lost <abbr title="−63/353">17.8%</abbr> of its health!)</small><br></div><div class="spacer battle-history"><br></div><div class="battle-history">Forretress used <strong>Rapid Spin</strong>!<br></div><div class="battle-history"><small>It's not very effective...</small><br></div><div class="battle-history"><small>(The opposing Skarmory lost <abbr title="−6/333">1.8%</abbr> of its health!)</small><br></div><div class="battle-history"><small>The spikes disappeared from the ground around your team!</small><br></div><div class="spacer battle-history"><br></div><div class="battle-history"><small>The opposing Skarmory restored a little HP using its Leftovers!</small><br></div><div class="battle-history"><small>Forretress restored a little HP using its Leftovers!</small><br></div><div class="spacer battle-history"><br></div><h2 class="battle-history">Turn 64</h2><div class="spacer battle-history"><br></div><div class="battle-history">Forretress, come back!<br></div><div class="battle-history">Go! <strong>Golem</strong>!<br></div><div class="spacer battle-history"><br></div><div class="battle-history">The opposing Skarmory used <strong>Drill Peck</strong>!<br></div><div class="battle-history"><small>It's not very effective...</small><br></div><div class="battle-history"><small>(Golem lost <abbr title="−35/363">9.6%</abbr> of its health!)</small><br></div><div class="spacer battle-history"><br></div><div class="battle-history"><small>The opposing Skarmory restored a little HP using its Leftovers!</small><br></div><div class="battle-history"><small>Golem restored a little HP using its Leftovers!</small><br></div><div class="spacer battle-history"><br></div><h2 class="battle-history">Turn 65</h2><div class="spacer battle-history"><br></div><div class="battle-history">The opposing Skarmory used <strong>Whirlwind</strong>!<br></div><div class="battle-history"><small>But it failed!</small><br></div><div class="spacer battle-history"><br></div><div class="battle-history">Golem used <strong>Roar</strong>!<br></div><div class="spacer battle-history"><br></div><div class="battle-history"><strong>Snorlax</strong> was dragged out!<br></div><div class="battle-history"><small>The opposing Snorlax was hurt by the spikes!</small><br></div><div class="spacer battle-history"><br></div><div class="battle-history"><small>Golem restored a little HP using its Leftovers!</small><br></div><div class="battle-history"><small>The opposing Snorlax restored a little HP using its Leftovers!</small><br></div><div class="spacer battle-history"><br></div><h2 class="battle-history">Turn 66</h2><div class="spacer battle-history"><br></div><div class="battle-history">Golem used <strong>Earthquake</strong>!<br></div><div class="battle-history"><small>(The opposing Snorlax lost <abbr title="−153/523">29.3%</abbr> of its health!)</small><br></div><div class="spacer battle-history"><br></div><div class="battle-history">The opposing Snorlax is fast asleep.<br></div><div class="spacer battle-history"><br></div><div class="battle-history"><small>The opposing Snorlax restored a little HP using its Leftovers!</small><br></div><div class="spacer battle-history"><br></div><h2 class="battle-history">Turn 67</h2><div class="spacer battle-history"><br></div><div class="battle-history">Vileman withdrew Snorlax!<br></div><div class="battle-history">Vileman sent out <strong>Skarmory</strong>!<br></div><div class="spacer battle-history"><br></div><div class="battle-history">Golem used <strong>Earthquake</strong>!<br></div><div class="battle-history"><small>It doesn't affect the opposing Skarmory...</small><br></div><div class="spacer battle-history"><br></div><div class="battle-history"><small>The opposing Skarmory restored a little HP using its Leftovers!</small><br></div><div class="spacer battle-history"><br></div><h2 class="battle-history">Turn 68</h2><div class="spacer battle-history"><br></div><div class="battle-history">The opposing Skarmory used <strong>Drill Peck</strong>!<br></div><div class="battle-history"><small>It's not very effective...</small><br></div><div class="battle-history"><small>(Golem lost <abbr title="−31/363">8.5%</abbr> of its health!)</small><br></div><div class="spacer battle-history"><br></div><div class="battle-history">Golem used <strong>Roar</strong>!<br></div><div class="spacer battle-history"><br></div><div class="battle-history"><strong>Snorlax</strong> was dragged out!<br></div><div class="battle-history"><small>The opposing Snorlax was hurt by the spikes!</small><br></div><div class="spacer battle-history"><br></div><div class="battle-history"><small>Golem restored a little HP using its Leftovers!</small><br></div><div class="battle-history"><small>The opposing Snorlax restored a little HP using its Leftovers!</small><br></div><div class="spacer battle-history"><br></div><h2 class="battle-history">Turn 69</h2><div class="spacer battle-history"><br></div><div class="battle-history"><small>The opposing Snorlax woke up!</small><br></div><div class="spacer battle-history"><br></div><div class="battle-history">The opposing Snorlax used <strong>Curse</strong>!<br></div><div class="battle-history"><small>The opposing Snorlax's Speed fell!</small><br></div><div class="battle-history"><small>The opposing Snorlax's Attack rose!</small><br></div><div class="battle-history"><small>The opposing Snorlax's Defense rose!</small><br></div><div class="spacer battle-history"><br></div><div class="battle-history">Golem used <strong>Roar</strong>!<br></div><div class="spacer battle-history"><br></div><div class="battle-history"><strong>Raikou</strong> was dragged out!<br></div><div class="battle-history"><small>The opposing Raikou was hurt by the spikes!</small><br></div><div class="spacer battle-history"><br></div><div class="battle-history"><small>The opposing Raikou restored a little HP using its Leftovers!</small><br></div><div class="battle-history"><small>Golem restored a little HP using its Leftovers!</small><br></div><div class="spacer battle-history"><br></div><h2 class="battle-history">Turn 70</h2><div class="spacer battle-history"><br></div><div class="battle-history">The opposing Raikou used <strong>Reflect</strong>!<br></div><div class="battle-history"><small>Reflect made the opposing team stronger against physical moves!</small><br></div><div class="spacer battle-history"><br></div><div class="battle-history">Golem used <strong>Roar</strong>!<br></div><div class="spacer battle-history"><br></div><div class="battle-history"><strong>Snorlax</strong> was dragged out!<br></div><div class="battle-history"><small>The opposing Snorlax was hurt by the spikes!</small><br></div><div class="spacer battle-history"><br></div><div class="battle-history"><small>The opposing Snorlax restored a little HP using its Leftovers!</small><br></div><div class="spacer battle-history"><br></div><h2 class="battle-history">Turn 71</h2><div class="spacer battle-history"><br></div><div class="battle-history">The opposing Snorlax used <strong>Double-Edge</strong>!<br></div><div class="battle-history"><small>It's not very effective...</small><br></div><div class="battle-history"><small>(Golem lost <abbr title="−60/363">16.5%</abbr> of its health!)</small><br></div><div class="battle-history"><small>The opposing Snorlax was damaged by the recoil!</small><br></div><div class="spacer battle-history"><br></div><div class="battle-history">Golem used <strong>Roar</strong>!<br></div><div class="spacer battle-history"><br></div><div class="battle-history"><strong>Gengar</strong> was dragged out!<br></div><div class="battle-history"><small>The opposing Gengar was hurt by the spikes!</small><br></div><div class="spacer battle-history"><br></div><div class="battle-history"><small>The opposing Gengar restored a little HP using its Leftovers!</small><br></div><div class="battle-history"><small>Golem restored a little HP using its Leftovers!</small><br></div><div class="spacer battle-history"><br></div><h2 class="battle-history">Turn 72</h2><div class="spacer battle-history"><br></div><div class="battle-history">Golem, come back!<br></div><div class="battle-history">Go! <strong>Snorlax</strong>!<br></div><div class="spacer battle-history"><br></div><div class="battle-history">The opposing Gengar used <strong>Ice Punch</strong>!<br></div><div class="battle-history"><small>(Snorlax lost <abbr title="−66/523">12.6%</abbr> of its health!)</small><br></div><div class="spacer battle-history"><br></div><div class="battle-history"><small>The opposing Gengar restored a little HP using its Leftovers!</small><br></div><div class="battle-history"><small>Snorlax restored a little HP using its Leftovers!</small><br></div><div class="spacer battle-history"><br></div><h2 class="battle-history">Turn 73</h2><div class="spacer battle-history"><br></div><div class="battle-history">Snorlax, come back!<br></div><div class="battle-history">Go! <strong>Exeggutor</strong>!<br></div><div class="battle-history"><small>Exeggutor was hurt by poison!</small><br></div><div class="spacer battle-history"><br></div><div class="battle-history">The opposing Gengar used <strong>Dynamic Punch</strong>!<br></div><div class="battle-history"><small>Exeggutor avoided the attack!</small><br></div><div class="spacer battle-history"><br></div><div class="battle-history"><small>The opposing Gengar restored a little HP using its Leftovers!</small><br></div><div class="battle-history"><small>Exeggutor restored a little HP using its Leftovers!</small><br></div><div class="spacer battle-history"><br></div><h2 class="battle-history">Turn 74</h2><div class="spacer battle-history"><br></div><div class="battle-history">Exeggutor, come back!<br></div><div class="battle-history">Go! <strong>Snorlax</strong>!<br></div><div class="spacer battle-history"><br></div><div class="battle-history">The opposing Gengar used <strong>Ice Punch</strong>!<br></div><div class="battle-history"><small>(Snorlax lost <abbr title="−66/523">12.6%</abbr> of its health!)</small><br></div><div class="spacer battle-history"><br></div><div class="battle-history"><small>The opposing Gengar restored a little HP using its Leftovers!</small><br></div><div class="battle-history"><small>Snorlax restored a little HP using its Leftovers!</small><br></div><div class="battle-history"><small>The opposing team's Reflect wore off!</small><br></div><div class="spacer battle-history"><br></div><h2 class="battle-history">Turn 75</h2><div class="spacer battle-history"><br></div><div class="battle-history">The opposing Gengar used <strong>Thunderbolt</strong>!<br></div><div class="battle-history"><small>(Snorlax lost <abbr title="−77/523">14.7%</abbr> of its health!)</small><br></div><div class="battle-history"><small>Snorlax woke up!</small><br></div><div class="spacer battle-history"><br></div><div class="battle-history">Snorlax used <strong>Curse</strong>!<br></div><div class="battle-history"><small>Snorlax's Speed fell!</small><br></div><div class="battle-history"><small>Snorlax's Attack rose!</small><br></div><div class="battle-history"><small>Snorlax's Defense rose!</small><br></div><div class="spacer battle-history"><br></div><div class="battle-history"><small>The opposing Gengar restored a little HP using its Leftovers!</small><br></div><div class="battle-history"><small>Snorlax restored a little HP using its Leftovers!</small><br></div><div class="spacer battle-history"><br></div><h2 class="battle-history">Turn 76</h2><div class="spacer battle-history"><br></div><div class="battle-history">The opposing Gengar used <strong>Ice Punch</strong>!<br></div><div class="battle-history"><small>(Snorlax lost <abbr title="−64/523">12.2%</abbr> of its health!)</small><br></div><div class="battle-history"><small>Snorlax was frozen solid!</small><br></div><div class="spacer battle-history"><br></div><div class="battle-history">Snorlax is frozen solid!<br></div><div class="spacer battle-history"><br></div><div class="battle-history"><small>The opposing Gengar restored a little HP using its Leftovers!</small><br></div><div class="battle-history"><small>Snorlax restored a little HP using its Leftovers!</small><br></div><div class="spacer battle-history"><br></div><h2 class="battle-history">Turn 77</h2><div class="chat chatmessage-vileman"><strong style="color:#9b6b34"><small>☆</small><span class="username" data-name="Vileman">Vileman</span>:</strong> <em>:fishing_rod:</em></div><div class="chat chatmessage-vileman"><strong style="color:#9b6b34"><small>☆</small><span class="username" data-name="Vileman">Vileman</span>:</strong> <em>my b</em></div><div class="spacer battle-history"><br></div><div class="battle-history">Vileman withdrew Gengar!<br></div><div class="battle-history">Vileman sent out <strong>Skarmory</strong>!<br></div><div class="spacer battle-history"><br></div><div class="battle-history">Snorlax is frozen solid!<br></div><div class="spacer battle-history"><br></div><div class="battle-history"><small>The opposing Skarmory restored a little HP using its Leftovers!</small><br></div><div class="battle-history"><small>Snorlax restored a little HP using its Leftovers!</small><br></div><div class="spacer battle-history"><br></div><h2 class="battle-history">Turn 78</h2><div class="spacer battle-history"><br></div><div class="battle-history">Snorlax is frozen solid!<br></div><div class="spacer battle-history"><br></div><div class="battle-history">The opposing Skarmory used <strong>Whirlwind</strong>!<br></div><div class="spacer battle-history"><br></div><div class="battle-history"><strong>Zapdos</strong> was dragged out!<br></div><div class="spacer battle-history"><br></div><div class="battle-history"><small>Zapdos restored a little HP using its Leftovers!</small><br></div><div class="battle-history"><small>The opposing Skarmory restored a little HP using its Leftovers!</small><br></div><div class="spacer battle-history"><br></div><h2 class="battle-history">Turn 79</h2><div class="spacer battle-history"><br></div><div class="battle-history">Vileman withdrew Skarmory!<br></div><div class="battle-history">Vileman sent out <strong>Raikou</strong>!<br></div><div class="battle-history"><small>The opposing Raikou was hurt by the spikes!</small><br></div><div class="spacer battle-history"><br></div><div class="battle-history">Zapdos used <strong>Thunder</strong>!<br></div><div class="battle-history"><small>The opposing Raikou avoided the attack!</small><br></div><div class="spacer battle-history"><br></div><div class="battle-history"><small>The opposing Raikou restored a little HP using its Leftovers!</small><br></div><div class="battle-history"><small>Zapdos restored a little HP using its Leftovers!</small><br></div><div class="spacer battle-history"><br></div><h2 class="battle-history">Turn 80</h2><div class="spacer battle-history"><br></div><div class="battle-history">The opposing Raikou used <strong>Thunder</strong>!<br></div><div class="battle-history"><small>Zapdos avoided the attack!</small><br></div><div class="spacer battle-history"><br></div><div class="battle-history">Zapdos used <strong>Thunder</strong>!<br></div><div class="battle-history"><small>The opposing Raikou avoided the attack!</small><br></div><div class="spacer battle-history"><br></div><div class="battle-history"><small>The opposing Raikou restored a little HP using its Leftovers!</small><br></div><div class="spacer battle-history"><br></div><h2 class="battle-history">Turn 81</h2><div class="spacer battle-history"><br></div><div class="battle-history">Zapdos, come back!<br></div><div class="battle-history">Go! <strong>Golem</strong>!<br></div><div class="spacer battle-history"><br></div><div class="battle-history">The opposing Raikou used <strong>Reflect</strong>!<br></div><div class="battle-history"><small>Reflect made the opposing team stronger against physical moves!</small><br></div><div class="spacer battle-history"><br></div><div class="battle-history"><small>The opposing Raikou restored a little HP using its Leftovers!</small><br></div><div class="battle-history"><small>Golem restored a little HP using its Leftovers!</small><br></div><div class="spacer battle-history"><br></div><h2 class="battle-history">Turn 82</h2><div class="spacer battle-history"><br></div><div class="battle-history">Golem, come back!<br></div><div class="battle-history">Go! <strong>Snorlax</strong>!<br></div><div class="spacer battle-history"><br></div><div class="battle-history">The opposing Raikou used <strong>Hidden Power</strong>!<br></div><div class="battle-history"><small>(Snorlax lost <abbr title="−63/523">12.0%</abbr> of its health!)</small><br></div><div class="spacer battle-history"><br></div><div class="battle-history"><small>The opposing Raikou restored a little HP using its Leftovers!</small><br></div><div class="battle-history"><small>Snorlax restored a little HP using its Leftovers!</small><br></div><div class="spacer battle-history"><br></div><h2 class="battle-history">Turn 83</h2><div class="spacer battle-history"><br></div><div class="battle-history">Snorlax, come back!<br></div><div class="battle-history">Go! <strong>Golem</strong>!<br></div><div class="spacer battle-history"><br></div><div class="battle-history">The opposing Raikou used <strong>Thunder</strong>!<br></div><div class="battle-history"><small>It doesn't affect Golem...</small><br></div><div class="spacer battle-history"><br></div><div class="battle-history"><small>Golem restored a little HP using its Leftovers!</small><br></div><div class="spacer battle-history"><br></div><h2 class="battle-history">Turn 84</h2><div class="spacer battle-history"><br></div><div class="battle-history">Golem, come back!<br></div><div class="battle-history">Go! <strong>Snorlax</strong>!<br></div><div class="spacer battle-history"><br></div><div class="battle-history">The opposing Raikou used <strong>Hidden Power</strong>!<br></div><div class="battle-history"><small>(Snorlax lost <abbr title="−58/523">11.1%</abbr> of its health!)</small><br></div><div class="spacer battle-history"><br></div><div class="battle-history"><small>Snorlax restored a little HP using its Leftovers!</small><br></div><div class="spacer battle-history"><br></div><h2 class="battle-history">Turn 85</h2><div class="spacer battle-history"><br></div><div class="battle-history">Snorlax, come back!<br></div><div class="battle-history">Go! <strong>Golem</strong>!<br></div><div class="spacer battle-history"><br></div><div class="battle-history">The opposing Raikou used <strong>Hidden Power</strong>!<br></div><div class="battle-history"><small>It's super effective!</small><br></div><div class="battle-history"><small>(Golem lost <abbr title="−331/363">91.2%</abbr> of its health!)</small><br></div><div class="spacer battle-history"><br></div><div class="battle-history"><small>Golem restored a little HP using its Leftovers!</small><br></div><div class="battle-history"><small>The opposing team's Reflect wore off!</small><br></div><div class="spacer battle-history"><br></div><h2 class="battle-history">Turn 86</h2><div class="spacer battle-history"><br></div><div class="battle-history">Golem, come back!<br></div><div class="battle-history">Go! <strong>Zapdos</strong>!<br></div><div class="spacer battle-history"><br></div><div class="battle-history">The opposing Raikou used <strong>Hidden Power</strong>!<br></div><div class="battle-history"><small>(Zapdos lost <abbr title="−67/383">17.5%</abbr> of its health!)</small><br></div><div class="spacer battle-history"><br></div><div class="battle-history"><small>Zapdos restored a little HP using its Leftovers!</small><br></div><div class="spacer battle-history"><br></div><h2 class="battle-history">Turn 87</h2><div class="spacer battle-history"><br></div><div class="battle-history">Zapdos, come back!<br></div><div class="battle-history">Go! <strong>Golem</strong>!<br></div><div class="spacer battle-history"><br></div><div class="battle-history">The opposing Raikou used <strong>Reflect</strong>!<br></div><div class="battle-history"><small>Reflect made the opposing team stronger against physical moves!</small><br></div><div class="spacer battle-history"><br></div><div class="battle-history"><small>Golem restored a little HP using its Leftovers!</small><br></div><div class="spacer battle-history"><br></div><h2 class="battle-history">Turn 88</h2><div class="spacer battle-history"><br></div><div class="battle-history">Golem, come back!<br></div><div class="battle-history">Go! <strong>Snorlax</strong>!<br></div><div class="spacer battle-history"><br></div><div class="battle-history">The opposing Raikou used <strong>Hidden Power</strong>!<br></div><div class="battle-history"><small>(Snorlax lost <abbr title="−61/523">11.7%</abbr> of its health!)</small><br></div><div class="spacer battle-history"><br></div><div class="battle-history"><small>Snorlax restored a little HP using its Leftovers!</small><br></div><div class="spacer battle-history"><br></div><h2 class="battle-history">Turn 89</h2><div class="spacer battle-history"><br></div><div class="battle-history">Vileman withdrew Raikou!<br></div><div class="battle-history">Vileman sent out <strong>Snorlax</strong>!<br></div><div class="battle-history"><small>The opposing Snorlax was hurt by the spikes!</small><br></div><div class="spacer battle-history"><br></div><div class="battle-history">Snorlax, come back!<br></div><div class="battle-history">Go! <strong>Zapdos</strong>!<br></div><div class="spacer battle-history"><br></div><div class="battle-history"><small>Zapdos restored a little HP using its Leftovers!</small><br></div><div class="battle-history"><small>The opposing Snorlax restored a little HP using its Leftovers!</small><br></div><div class="spacer battle-history"><br></div><h2 class="battle-history">Turn 90</h2><div class="spacer battle-history"><br></div><div class="battle-history">Zapdos, come back!<br></div><div class="battle-history">Go! <strong>Forretress</strong>!<br></div><div class="spacer battle-history"><br></div><div class="battle-history">The opposing Snorlax used <strong>Rest</strong>!<br></div><div class="battle-history"><small>The opposing Snorlax fell asleep!</small><br></div><div class="battle-history"><small>The opposing Snorlax slept and became healthy!</small><br></div><div class="spacer battle-history"><br></div><div class="battle-history"><small>Forretress restored a little HP using its Leftovers!</small><br></div><div class="spacer battle-history"><br></div><h2 class="battle-history">Turn 91</h2><div class="spacer battle-history"><br></div><div class="battle-history">Forretress, come back!<br></div><div class="battle-history">Go! <strong>Golem</strong>!<br></div><div class="spacer battle-history"><br></div><div class="battle-history">Vileman withdrew Snorlax!<br></div><div class="battle-history">Vileman sent out <strong>Skarmory</strong>!<br></div><div class="spacer battle-history"><br></div><div class="battle-history"><small>Golem restored a little HP using its Leftovers!</small><br></div><div class="battle-history"><small>The opposing team's Reflect wore off!</small><br></div><div class="spacer battle-history"><br></div><h2 class="battle-history">Turn 92</h2><div class="spacer battle-history"><br></div><div class="battle-history">The opposing Skarmory used <strong>Drill Peck</strong>!<br></div><div class="battle-history"><small>It's not very effective...</small><br></div><div class="battle-history"><small>(Golem lost <abbr title="−35/363">9.6%</abbr> of its health!)</small><br></div><div class="spacer battle-history"><br></div><div class="battle-history">Golem used <strong>Rock Slide</strong>!<br></div><div class="battle-history"><small>(The opposing Skarmory lost <abbr title="−79/333">23.7%</abbr> of its health!)</small><br></div><div class="spacer battle-history"><br></div><div class="battle-history"><small>The opposing Skarmory restored a little HP using its Leftovers!</small><br></div><div class="battle-history"><small>Golem restored a little HP using its Leftovers!</small><br></div><div class="spacer battle-history"><br></div><h2 class="battle-history">Turn 93</h2><div class="spacer battle-history"><br></div><div class="battle-history">The opposing Skarmory used <strong>Drill Peck</strong>!<br></div><div class="battle-history"><small>It's not very effective...</small><br></div><div class="battle-history"><small>(Golem lost <abbr title="−34/363">9.4%</abbr> of its health!)</small><br></div><div class="spacer battle-history"><br></div><div class="battle-history">Golem used <strong>Rock Slide</strong>!<br></div><div class="battle-history"><small>(The opposing Skarmory lost <abbr title="−72/333">21.6%</abbr> of its health!)</small><br></div><div class="spacer battle-history"><br></div><div class="battle-history"><small>The opposing Skarmory restored a little HP using its Leftovers!</small><br></div><div class="battle-history"><small>Golem restored a little HP using its Leftovers!</small><br></div><div class="spacer battle-history"><br></div><h2 class="battle-history">Turn 94</h2><div class="spacer battle-history"><br></div><div class="battle-history">Golem, come back!<br></div><div class="battle-history">Go! <strong>Zapdos</strong>!<br></div><div class="spacer battle-history"><br></div><div class="battle-history">The opposing Skarmory used <strong>Drill Peck</strong>!<br></div><div class="battle-history"><small>It's not very effective...</small><br></div><div class="battle-history"><small>(Zapdos lost <abbr title="−47/383">12.3%</abbr> of its health!)</small><br></div><div class="spacer battle-history"><br></div><div class="battle-history"><small>Zapdos restored a little HP using its Leftovers!</small><br></div><div class="battle-history"><small>The opposing Skarmory restored a little HP using its Leftovers!</small><br></div><div class="spacer battle-history"><br></div><h2 class="battle-history">Turn 95</h2><div class="spacer battle-history"><br></div><div class="battle-history">Vileman withdrew Skarmory!<br></div><div class="battle-history">Vileman sent out <strong>Raikou</strong>!<br></div><div class="battle-history"><small>The opposing Raikou was hurt by the spikes!</small><br></div><div class="spacer battle-history"><br></div><div class="battle-history">Zapdos used <strong>Thunder</strong>!<br></div><div class="battle-history"><small>It's not very effective...</small><br></div><div class="battle-history"><small>(The opposing Raikou lost <abbr title="−81/367">22.1%</abbr> of its health!)</small><br></div><div class="battle-history"><small>The opposing Raikou is paralyzed! It may be unable to move!</small><br></div><div class="spacer battle-history"><br></div><div class="battle-history"><small>Zapdos restored a little HP using its Leftovers!</small><br></div><div class="battle-history"><small>The opposing Raikou restored a little HP using its Leftovers!</small><br></div><div class="spacer battle-history"><br></div><h2 class="battle-history">Turn 96</h2><div class="spacer battle-history"><br></div><div class="battle-history">Zapdos, come back!<br></div><div class="battle-history">Go! <strong>Exeggutor</strong>!<br></div><div class="battle-history"><small>Exeggutor was hurt by poison!</small><br></div><div class="spacer battle-history"><br></div><div class="battle-history">The opposing Raikou used <strong>Reflect</strong>!<br></div><div class="battle-history"><small>Reflect made the opposing team stronger against physical moves!</small><br></div><div class="spacer battle-history"><br></div><div class="battle-history"><small>Exeggutor restored a little HP using its Leftovers!</small><br></div><div class="battle-history"><small>The opposing Raikou restored a little HP using its Leftovers!</small><br></div><div class="spacer battle-history"><br></div><h2 class="battle-history">Turn 97</h2><div class="spacer battle-history"><br></div><div class="battle-history">Vileman withdrew Raikou!<br></div><div class="battle-history">Vileman sent out <strong>Skarmory</strong>!<br></div><div class="spacer battle-history"><br></div><div class="battle-history">Exeggutor used <strong>Psychic</strong>!<br></div><div class="battle-history"><small>It's not very effective...</small><br></div><div class="battle-history"><small>(The opposing Skarmory lost <abbr title="−78/333">23.4%</abbr> of its health!)</small><br></div><div class="battle-history"><small>The opposing Skarmory's Sp. Def fell!</small><br></div><div class="battle-history"><small>Exeggutor was hurt by poison!</small><br></div><div class="spacer battle-history"><br></div><div class="battle-history"><small>The opposing Skarmory restored a little HP using its Leftovers!</small><br></div><div class="battle-history"><small>Exeggutor restored a little HP using its Leftovers!</small><br></div><div class="spacer battle-history"><br></div><h2 class="battle-history">Turn 98</h2><div class="spacer battle-history"><br></div><div class="battle-history">Exeggutor, come back!<br></div><div class="battle-history">Go! <strong>Zapdos</strong>!<br></div><div class="spacer battle-history"><br></div><div class="battle-history">The opposing Skarmory used <strong>Drill Peck</strong>!<br></div><div class="battle-history"><small>It's not very effective...</small><br></div><div class="battle-history"><small>(Zapdos lost <abbr title="−48/383">12.5%</abbr> of its health!)</small><br></div><div class="spacer battle-history"><br></div><div class="battle-history"><small>Zapdos restored a little HP using its Leftovers!</small><br></div><div class="battle-history"><small>The opposing Skarmory restored a little HP using its Leftovers!</small><br></div><div class="spacer battle-history"><br></div><h2 class="battle-history">Turn 99</h2><div class="spacer battle-history"><br></div><div class="battle-history">Zapdos, come back!<br></div><div class="battle-history">Go! <strong>Forretress</strong>!<br></div><div class="spacer battle-history"><br></div><div class="battle-history">Vileman withdrew Skarmory!<br></div><div class="battle-history">Vileman sent out <strong>Raikou</strong>!<br></div><div class="battle-history"><small>The opposing Raikou was hurt by the spikes!</small><br></div><div class="spacer battle-history"><br></div><div class="battle-history"><small>Forretress restored a little HP using its Leftovers!</small><br></div><div class="battle-history"><small>The opposing Raikou restored a little HP using its Leftovers!</small><br></div><div class="spacer battle-history"><br></div><h2 class="battle-history">Turn 100</h2><div class="spacer battle-history"><br></div><div class="battle-history">Vileman withdrew Raikou!<br></div><div class="battle-history">Vileman sent out <strong>Skarmory</strong>!<br></div><div class="spacer battle-history"><br></div><div class="battle-history">Forretress used <strong>Explosion</strong>!<br></div><div class="battle-history"><small>It's not very effective...</small><br></div><div class="battle-history"><small>(The opposing Skarmory lost <abbr title="−74/333">22.2%</abbr> of its health!)</small><br></div><div class="spacer battle-history"><br></div><div class="battle-history">Forretress fainted!<br></div><div class="spacer battle-history"><br></div><div class="battle-history">Go! <strong>Golem</strong>!<br></div><div class="spacer battle-history"><br></div><div class="battle-history"><small>The opposing Skarmory restored a little HP using its Leftovers!</small><br></div><div class="battle-history"><small>Golem restored a little HP using its Leftovers!</small><br></div><div class="battle-history"><small>The opposing team's Reflect wore off!</small><br></div><div class="spacer battle-history"><br></div><h2 class="battle-history">Turn 101</h2><div class="spacer battle-history"><br></div><div class="battle-history">The opposing Skarmory used <strong>Rest</strong>!<br></div><div class="battle-history"><small>The opposing Skarmory fell asleep!</small><br></div><div class="battle-history"><small>The opposing Skarmory slept and became healthy!</small><br></div><div class="spacer battle-history"><br></div><div class="battle-history">Golem used <strong>Rock Slide</strong>!<br></div><div class="battle-history"><small>(The opposing Skarmory lost <abbr title="−68/333">20.4%</abbr> of its health!)</small><br></div><div class="spacer battle-history"><br></div><div class="battle-history"><small>The opposing Skarmory restored a little HP using its Leftovers!</small><br></div><div class="battle-history"><small>Golem restored a little HP using its Leftovers!</small><br></div><div class="spacer battle-history"><br></div><h2 class="battle-history">Turn 102</h2><div class="spacer battle-history"><br></div><div class="battle-history">Golem, come back!<br></div><div class="battle-history">Go! <strong>Jynx</strong>!<br></div><div class="spacer battle-history"><br></div><div class="battle-history">The opposing Skarmory is fast asleep.<br></div><div class="spacer battle-history"><br></div><div class="battle-history"><small>Jynx restored a little HP using its Leftovers!</small><br></div><div class="battle-history"><small>The opposing Skarmory restored a little HP using its Leftovers!</small><br></div><div class="spacer battle-history"><br></div><h2 class="battle-history">Turn 103</h2><div class="spacer battle-history"><br></div><div class="battle-history">Jynx, come back!<br></div><div class="battle-history">Go! <strong>Zapdos</strong>!<br></div><div class="spacer battle-history"><br></div><div class="battle-history">Vileman withdrew Skarmory!<br></div><div class="battle-history">Vileman sent out <strong>Snorlax</strong>!<br></div><div class="battle-history"><small>The opposing Snorlax was hurt by the spikes!</small><br></div><div class="spacer battle-history"><br></div><div class="battle-history"><small>Zapdos restored a little HP using its Leftovers!</small><br></div><div class="battle-history"><small>The opposing Snorlax restored a little HP using its Leftovers!</small><br></div><div class="spacer battle-history"><br></div><h2 class="battle-history">Turn 104</h2><div class="spacer battle-history"><br></div><div class="battle-history">Zapdos, come back!<br></div><div class="battle-history">Go! <strong>Golem</strong>!<br></div><div class="spacer battle-history"><br></div><div class="battle-history">The opposing Snorlax is fast asleep.<br></div><div class="spacer battle-history"><br></div><div class="battle-history"><small>Golem restored a little HP using its Leftovers!</small><br></div><div class="battle-history"><small>The opposing Snorlax restored a little HP using its Leftovers!</small><br></div><div class="spacer battle-history"><br></div><h2 class="battle-history">Turn 105</h2><div class="spacer battle-history"><br></div><div class="battle-history">Vileman withdrew Snorlax!<br></div><div class="battle-history">Vileman sent out <strong>Skarmory</strong>!<br></div><div class="spacer battle-history"><br></div><div class="battle-history">Golem used <strong>Earthquake</strong>!<br></div><div class="battle-history"><small>It doesn't affect the opposing Skarmory...</small><br></div><div class="spacer battle-history"><br></div><div class="battle-history"><small>The opposing Skarmory restored a little HP using its Leftovers!</small><br></div><div class="battle-history"><small>Golem restored a little HP using its Leftovers!</small><br></div><div class="spacer battle-history"><br></div><h2 class="battle-history">Turn 106</h2><div class="spacer battle-history"><br></div><div class="battle-history">The opposing Skarmory is fast asleep.<br></div><div class="spacer battle-history"><br></div><div class="battle-history">Golem used <strong>Roar</strong>!<br></div><div class="spacer battle-history"><br></div><div class="battle-history"><strong>Snorlax</strong> was dragged out!<br></div><div class="battle-history"><small>The opposing Snorlax was hurt by the spikes!</small><br></div><div class="spacer battle-history"><br></div><div class="battle-history"><small>Golem restored a little HP using its Leftovers!</small><br></div><div class="battle-history"><small>The opposing Snorlax restored a little HP using its Leftovers!</small><br></div><div class="spacer battle-history"><br></div><h2 class="battle-history">Turn 107</h2><div class="spacer battle-history"><br></div><div class="battle-history">Vileman withdrew Snorlax!<br></div><div class="battle-history">Vileman sent out <strong>Skarmory</strong>!<br></div><div class="spacer battle-history"><br></div><div class="battle-history">Golem used <strong>Rock Slide</strong>!<br></div><div class="battle-history"><small>(The opposing Skarmory lost <abbr title="−72/333">21.6%</abbr> of its health!)</small><br></div><div class="spacer battle-history"><br></div><div class="battle-history"><small>The opposing Skarmory restored a little HP using its Leftovers!</small><br></div><div class="battle-history"><small>Golem restored a little HP using its Leftovers!</small><br></div><div class="spacer battle-history"><br></div><h2 class="battle-history">Turn 108</h2><div class="spacer battle-history"><br></div><div class="battle-history"><small>The opposing Skarmory woke up!</small><br></div><div class="spacer battle-history"><br></div><div class="battle-history">The opposing Skarmory used <strong>Drill Peck</strong>!<br></div><div class="battle-history"><small>A critical hit!</small><br></div><div class="battle-history"><small>It's not very effective...</small><br></div><div class="battle-history"><small>(Golem lost <abbr title="−72/363">19.8%</abbr> of its health!)</small><br></div><div class="spacer battle-history"><br></div><div class="battle-history">Golem used <strong>Roar</strong>!<br></div><div class="spacer battle-history"><br></div><div class="battle-history"><strong>Snorlax</strong> was dragged out!<br></div><div class="battle-history"><small>The opposing Snorlax was hurt by the spikes!</small><br></div><div class="spacer battle-history"><br></div><div class="battle-history"><small>Golem restored a little HP using its Leftovers!</small><br></div><div class="battle-history"><small>The opposing Snorlax restored a little HP using its Leftovers!</small><br></div><div class="spacer battle-history"><br></div><h2 class="battle-history">Turn 109</h2><div class="spacer battle-history"><br></div><div class="battle-history">Golem used <strong>Earthquake</strong>!<br></div><div class="battle-history"><small>(The opposing Snorlax lost <abbr title="−162/523">31.0%</abbr> of its health!)</small><br></div><div class="spacer battle-history"><br></div><div class="battle-history">The opposing Snorlax is fast asleep.<br></div><div class="spacer battle-history"><br></div><div class="battle-history"><small>Golem restored a little HP using its Leftovers!</small><br></div><div class="battle-history"><small>The opposing Snorlax restored a little HP using its Leftovers!</small><br></div><div class="spacer battle-history"><br></div><h2 class="battle-history">Turn 110</h2><div class="spacer battle-history"><br></div><div class="battle-history">Vileman withdrew Snorlax!<br></div><div class="battle-history">Vileman sent out <strong>Skarmory</strong>!<br></div><div class="spacer battle-history"><br></div><div class="battle-history">Golem used <strong>Roar</strong>!<br></div><div class="spacer battle-history"><br></div><div class="battle-history"><strong>Raikou</strong> was dragged out!<br></div><div class="battle-history"><small>The opposing Raikou was hurt by the spikes!</small><br></div><div class="spacer battle-history"><br></div><div class="battle-history"><small>Golem restored a little HP using its Leftovers!</small><br></div><div class="battle-history"><small>The opposing Raikou restored a little HP using its Leftovers!</small><br></div><div class="spacer battle-history"><br></div><h2 class="battle-history">Turn 111</h2><div class="spacer battle-history"><br></div><div class="battle-history">Golem, come back!<br></div><div class="battle-history">Go! <strong>Snorlax</strong>!<br></div><div class="spacer battle-history"><br></div><div class="battle-history">Vileman withdrew Raikou!<br></div><div class="battle-history">Vileman sent out <strong>Skarmory</strong>!<br></div><div class="spacer battle-history"><br></div><div class="battle-history"><small>The opposing Skarmory restored a little HP using its Leftovers!</small><br></div><div class="battle-history"><small>Snorlax restored a little HP using its Leftovers!</small><br></div><div class="spacer battle-history"><br></div><h2 class="battle-history">Turn 112</h2><div class="spacer battle-history"><br></div><div class="battle-history">Snorlax, come back!<br></div><div class="battle-history">Go! <strong>Zapdos</strong>!<br></div><div class="spacer battle-history"><br></div><div class="battle-history">The opposing Skarmory used <strong>Drill Peck</strong>!<br></div><div class="battle-history"><small>It's not very effective...</small><br></div><div class="battle-history"><small>(Zapdos lost <abbr title="−47/383">12.3%</abbr> of its health!)</small><br></div><div class="spacer battle-history"><br></div><div class="battle-history"><small>Zapdos restored a little HP using its Leftovers!</small><br></div><div class="battle-history"><small>The opposing Skarmory restored a little HP using its Leftovers!</small><br></div><div class="spacer battle-history"><br></div><h2 class="battle-history">Turn 113</h2><div class="spacer battle-history"><br></div><div class="battle-history">Zapdos, come back!<br></div><div class="battle-history">Go! <strong>Golem</strong>!<br></div><div class="spacer battle-history"><br></div><div class="battle-history">Vileman withdrew Skarmory!<br></div><div class="battle-history">Vileman sent out <strong>Raikou</strong>!<br></div><div class="battle-history"><small>The opposing Raikou was hurt by the spikes!</small><br></div><div class="spacer battle-history"><br></div><div class="battle-history"><small>Golem restored a little HP using its Leftovers!</small><br></div><div class="battle-history"><small>The opposing Raikou restored a little HP using its Leftovers!</small><br></div><div class="spacer battle-history"><br></div><h2 class="battle-history">Turn 114</h2><div class="spacer battle-history"><br></div><div class="battle-history">Vileman withdrew Raikou!<br></div><div class="battle-history">Vileman sent out <strong>Skarmory</strong>!<br></div><div class="spacer battle-history"><br></div><div class="battle-history">Golem used <strong>Earthquake</strong>!<br></div><div class="battle-history"><small>It doesn't affect the opposing Skarmory...</small><br></div><div class="spacer battle-history"><br></div><div class="battle-history"><small>The opposing Skarmory restored a little HP using its Leftovers!</small><br></div><div class="battle-history"><small>Golem restored a little HP using its Leftovers!</small><br></div><div class="spacer battle-history"><br></div><h2 class="battle-history">Turn 115</h2><div class="spacer battle-history"><br></div><div class="battle-history">The opposing Skarmory used <strong>Drill Peck</strong>!<br></div><div class="battle-history"><small>It's not very effective...</small><br></div><div class="battle-history"><small>(Golem lost <abbr title="−31/363">8.5%</abbr> of its health!)</small><br></div><div class="spacer battle-history"><br></div><div class="battle-history">Golem used <strong>Roar</strong>!<br></div><div class="spacer battle-history"><br></div><div class="battle-history"><strong>Raikou</strong> was dragged out!<br></div><div class="battle-history"><small>The opposing Raikou was hurt by the spikes!</small><br></div><div class="spacer battle-history"><br></div><div class="battle-history"><small>Golem restored a little HP using its Leftovers!</small><br></div><div class="battle-history"><small>The opposing Raikou restored a little HP using its Leftovers!</small><br></div><div class="spacer battle-history"><br></div><h2 class="battle-history">Turn 116</h2><div class="spacer battle-history"><br></div><div class="battle-history">Vileman withdrew Raikou!<br></div><div class="battle-history">Vileman sent out <strong>Skarmory</strong>!<br></div><div class="spacer battle-history"><br></div><div class="battle-history">Golem used <strong>Rock Slide</strong>!<br></div><div class="battle-history"><small>(The opposing Skarmory lost <abbr title="−78/333">23.4%</abbr> of its health!)</small><br></div><div class="spacer battle-history"><br></div><div class="battle-history"><small>The opposing Skarmory restored a little HP using its Leftovers!</small><br></div><div class="battle-history"><small>Golem restored a little HP using its Leftovers!</small><br></div><div class="spacer battle-history"><br></div><h2 class="battle-history">Turn 117</h2><div class="spacer battle-history"><br></div><div class="battle-history">The opposing Skarmory used <strong>Drill Peck</strong>!<br></div><div class="battle-history"><small>It's not very effective...</small><br></div><div class="battle-history"><small>(Golem lost <abbr title="−36/363">9.9%</abbr> of its health!)</small><br></div><div class="spacer battle-history"><br></div><div class="battle-history">Golem used <strong>Roar</strong>!<br></div><div class="spacer battle-history"><br></div><div class="battle-history"><strong>Gengar</strong> was dragged out!<br></div><div class="battle-history"><small>The opposing Gengar was hurt by the spikes!</small><br></div><div class="spacer battle-history"><br></div><div class="battle-history"><small>The opposing Gengar restored a little HP using its Leftovers!</small><br></div><div class="battle-history"><small>Golem restored a little HP using its Leftovers!</small><br></div><div class="spacer battle-history"><br></div><h2 class="battle-history">Turn 118</h2><div class="spacer battle-history"><br></div><div class="battle-history">Vileman withdrew Gengar!<br></div><div class="battle-history">Vileman sent out <strong>Skarmory</strong>!<br></div><div class="spacer battle-history"><br></div><div class="battle-history">Golem used <strong>Earthquake</strong>!<br></div><div class="battle-history"><small>It doesn't affect the opposing Skarmory...</small><br></div><div class="spacer battle-history"><br></div><div class="battle-history"><small>The opposing Skarmory restored a little HP using its Leftovers!</small><br></div><div class="battle-history"><small>Golem restored a little HP using its Leftovers!</small><br></div><div class="spacer battle-history"><br></div><h2 class="battle-history">Turn 119</h2><div class="spacer battle-history"><br></div><div class="battle-history">The opposing Skarmory used <strong>Drill Peck</strong>!<br></div><div class="battle-history"><small>It's not very effective...</small><br></div><div class="battle-history"><small>(Golem lost <abbr title="−32/363">8.8%</abbr> of its health!)</small><br></div><div class="spacer battle-history"><br></div><div class="battle-history">Golem used <strong>Roar</strong>!<br></div><div class="spacer battle-history"><br></div><div class="battle-history"><strong>Snorlax</strong> was dragged out!<br></div><div class="battle-history"><small>The opposing Snorlax was hurt by the spikes!</small><br></div><div class="spacer battle-history"><br></div><div class="battle-history"><small>Golem restored a little HP using its Leftovers!</small><br></div><div class="battle-history"><small>The opposing Snorlax restored a little HP using its Leftovers!</small><br></div><div class="spacer battle-history"><br></div><h2 class="battle-history">Turn 120</h2><div class="spacer battle-history"><br></div><div class="battle-history">Golem used <strong>Rock Slide</strong>!<br></div><div class="battle-history"><small>(The opposing Snorlax lost <abbr title="−115/523">22.0%</abbr> of its health!)</small><br></div><div class="battle-history"><small>The opposing Snorlax woke up!</small><br></div><div class="spacer battle-history"><br></div><div class="battle-history">The opposing Snorlax flinched and couldn't move!<br></div><div class="spacer battle-history"><br></div><div class="battle-history"><small>Golem restored a little HP using its Leftovers!</small><br></div><div class="battle-history"><small>The opposing Snorlax restored a little HP using its Leftovers!</small><br></div><div class="spacer battle-history"><br></div><h2 class="battle-history">Turn 121</h2><div class="spacer battle-history"><br></div><div class="battle-history">Golem, come back!<br></div><div class="battle-history">Go! <strong>Snorlax</strong>!<br></div><div class="spacer battle-history"><br></div><div class="battle-history">The opposing Snorlax used <strong>Rest</strong>!<br></div><div class="battle-history"><small>The opposing Snorlax fell asleep!</small><br></div><div class="battle-history"><small>The opposing Snorlax slept and became healthy!</small><br></div><div class="spacer battle-history"><br></div><div class="battle-history"><small>Snorlax restored a little HP using its Leftovers!</small><br></div><div class="spacer battle-history"><br></div><h2 class="battle-history">Turn 122</h2><div class="spacer battle-history"><br></div><div class="battle-history">Vileman withdrew Snorlax!<br></div><div class="battle-history">Vileman sent out <strong>Raikou</strong>!<br></div><div class="battle-history"><small>The opposing Raikou was hurt by the spikes!</small><br></div><div class="spacer battle-history"><br></div><div class="battle-history">Snorlax is frozen solid!<br></div><div class="spacer battle-history"><br></div><div class="battle-history"><small>Snorlax restored a little HP using its Leftovers!</small><br></div><div class="battle-history"><small>The opposing Raikou restored a little HP using its Leftovers!</small><br></div><div class="spacer battle-history"><br></div><h2 class="battle-history">Turn 123</h2><div class="spacer battle-history"><br></div><div class="battle-history">Snorlax is frozen solid!<br></div><div class="spacer battle-history"><br></div><div class="battle-history">The opposing Raikou used <strong>Rest</strong>!<br></div><div class="battle-history"><small>The opposing Raikou fell asleep!</small><br></div><div class="battle-history"><small>The opposing Raikou slept and became healthy!</small><br></div><div class="spacer battle-history"><br></div><div class="battle-history"><small>Snorlax thawed out!</small><br></div><div class="battle-history"><small>Snorlax restored a little HP using its Leftovers!</small><br></div><div class="spacer battle-history"><br></div><h2 class="battle-history">Turn 124</h2><div class="chat chatmessage-vileman"><strong style="color:#9b6b34"><small>☆</small><span class="username" data-name="Vileman">Vileman</span>:</strong> <em>oh boy</em></div><div class="chat chatmessage-vileman"><strong style="color:#9b6b34"><small>☆</small><span class="username" data-name="Vileman">Vileman</span>:</strong> <em>hes back</em></div><div class="spacer battle-history"><br></div><div class="battle-history">The opposing Raikou is fast asleep.<br></div><div class="spacer battle-history"><br></div><div class="battle-history">Snorlax used <strong>Curse</strong>!<br></div><div class="battle-history"><small>Snorlax's Speed fell!</small><br></div><div class="battle-history"><small>Snorlax's Attack rose!</small><br></div><div class="battle-history"><small>Snorlax's Defense rose!</small><br></div><div class="spacer battle-history"><br></div><div class="battle-history"><small>Snorlax restored a little HP using its Leftovers!</small><br></div><div class="spacer battle-history"><br></div><h2 class="battle-history">Turn 125</h2><div class="chat chatmessage-fear"><strong style="color:#99960b"><small>☆</small><span class="username" data-name="Fear">Fear</span>:</strong> <em>he likes to slack</em></div><div class="chat chatmessage-fear"><strong style="color:#99960b"><small>☆</small><span class="username" data-name="Fear">Fear</span>:</strong> <em>but i think its wrap up time</em></div><div class="spacer battle-history"><br></div><div class="battle-history">Vileman withdrew Raikou!<br></div><div class="battle-history">Vileman sent out <strong>Gengar</strong>!<br></div><div class="battle-history"><small>The opposing Gengar was hurt by the spikes!</small><br></div><div class="spacer battle-history"><br></div><div class="battle-history">Snorlax used <strong>Double-Edge</strong>!<br></div><div class="battle-history"><small>It doesn't affect the opposing Gengar...</small><br></div><div class="spacer battle-history"><br></div><div class="battle-history"><small>The opposing Gengar restored a little HP using its Leftovers!</small><br></div><div class="battle-history"><small>Snorlax restored a little HP using its Leftovers!</small><br></div><div class="spacer battle-history"><br></div><h2 class="battle-history">Turn 126</h2><div class="chat chatmessage-vileman"><strong style="color:#9b6b34"><small>☆</small><span class="username" data-name="Vileman">Vileman</span>:</strong> <em>my fishing rod still got some bait on it bro</em></div><div class="spacer battle-history"><br></div><div class="battle-history">The opposing Gengar used <strong>Ice Punch</strong>!<br></div><div class="battle-history"><small>(Snorlax lost <abbr title="−66/523">12.6%</abbr> of its health!)</small><br></div><div class="spacer battle-history"><br></div><div class="battle-history">Snorlax used <strong>Flamethrower</strong>!<br></div><div class="battle-history"><small>(The opposing Gengar lost <abbr title="−70/323">21.7%</abbr> of its health!)</small><br></div><div class="spacer battle-history"><br></div><div class="battle-history"><small>The opposing Gengar restored a little HP using its Leftovers!</small><br></div><div class="battle-history"><small>Snorlax restored a little HP using its Leftovers!</small><br></div><div class="spacer battle-history"><br></div><h2 class="battle-history">Turn 127</h2><div class="spacer battle-history"><br></div><div class="battle-history">The opposing Gengar used <strong>Dynamic Punch</strong>!<br></div><div class="battle-history"><small>It's super effective!</small><br></div><div class="battle-history"><small>(Snorlax lost <abbr title="−108/523">20.7%</abbr> of its health!)</small><br></div><div class="battle-history"><small>Snorlax became confused!</small><br></div><div class="spacer battle-history"><br></div><div class="battle-history"><small>Snorlax is confused!</small><br></div><div class="battle-history">Snorlax used <strong>Rest</strong>!<br></div><div class="battle-history"><small>Snorlax fell asleep!</small><br></div><div class="battle-history"><small>Snorlax slept and became healthy!</small><br></div><div class="spacer battle-history"><br></div><div class="battle-history"><small>The opposing Gengar restored a little HP using its Leftovers!</small><br></div><div class="spacer battle-history"><br></div><h2 class="battle-history">Turn 128</h2><div class="spacer battle-history"><br></div><div class="battle-history">Vileman withdrew Gengar!<br></div><div class="battle-history">Vileman sent out <strong>Skarmory</strong>!<br></div><div class="spacer battle-history"><br></div><div class="battle-history">Snorlax is fast asleep.<br></div><div class="spacer battle-history"><br></div><div class="battle-history"><small>The opposing Skarmory restored a little HP using its Leftovers!</small><br></div><div class="spacer battle-history"><br></div><h2 class="battle-history">Turn 129</h2><div class="spacer battle-history"><br></div><div class="battle-history">Snorlax is fast asleep.<br></div><div class="spacer battle-history"><br></div><div class="battle-history">The opposing Skarmory used <strong>Whirlwind</strong>!<br></div><div class="spacer battle-history"><br></div><div class="battle-history"><strong>Zapdos</strong> was dragged out!<br></div><div class="spacer battle-history"><br></div><div class="battle-history"><small>Zapdos restored a little HP using its Leftovers!</small><br></div><div class="battle-history"><small>The opposing Skarmory restored a little HP using its Leftovers!</small><br></div><div class="spacer battle-history"><br></div><h2 class="battle-history">Turn 130</h2><div class="spacer battle-history"><br></div><div class="battle-history">Zapdos, come back!<br></div><div class="battle-history">Go! <strong>Golem</strong>!<br></div><div class="spacer battle-history"><br></div><div class="battle-history">Vileman withdrew Skarmory!<br></div><div class="battle-history">Vileman sent out <strong>Snorlax</strong>!<br></div><div class="battle-history"><small>The opposing Snorlax was hurt by the spikes!</small><br></div><div class="spacer battle-history"><br></div><div class="battle-history"><small>Golem restored a little HP using its Leftovers!</small><br></div><div class="battle-history"><small>The opposing Snorlax restored a little HP using its Leftovers!</small><br></div><div class="spacer battle-history"><br></div><h2 class="battle-history">Turn 131</h2><div class="spacer battle-history"><br></div><div class="battle-history">Golem used <strong>Rock Slide</strong>!<br></div><div class="battle-history"><small>(The opposing Snorlax lost <abbr title="−125/523">23.9%</abbr> of its health!)</small><br></div><div class="spacer battle-history"><br></div><div class="battle-history">The opposing Snorlax is fast asleep.<br></div><div class="spacer battle-history"><br></div><div class="battle-history"><small>Golem restored a little HP using its Leftovers!</small><br></div><div class="battle-history"><small>The opposing Snorlax restored a little HP using its Leftovers!</small><br></div><div class="spacer battle-history"><br></div><h2 class="battle-history">Turn 132</h2><div class="spacer battle-history"><br></div><div class="battle-history">Golem used <strong>Rock Slide</strong>!<br></div><div class="battle-history"><small>(The opposing Snorlax lost <abbr title="−117/523">22.4%</abbr> of its health!)</small><br></div><div class="spacer battle-history"><br></div><div class="battle-history">The opposing Snorlax is fast asleep.<br></div><div class="spacer battle-history"><br></div><div class="battle-history"><small>Golem restored a little HP using its Leftovers!</small><br></div><div class="battle-history"><small>The opposing Snorlax restored a little HP using its Leftovers!</small><br></div><div class="spacer battle-history"><br></div><h2 class="battle-history">Turn 133</h2><div class="spacer battle-history"><br></div><div class="battle-history"><small>The opposing Snorlax woke up!</small><br></div><div class="spacer battle-history"><br></div><div class="battle-history">The opposing Snorlax used <strong>Rest</strong>!<br></div><div class="battle-history"><small>The opposing Snorlax fell asleep!</small><br></div><div class="battle-history"><small>The opposing Snorlax slept and became healthy!</small><br></div><div class="spacer battle-history"><br></div><div class="battle-history">Golem used <strong>Roar</strong>!<br></div><div class="spacer battle-history"><br></div><div class="battle-history"><strong>Raikou</strong> was dragged out!<br></div><div class="battle-history"><small>The opposing Raikou was hurt by the spikes!</small><br></div><div class="spacer battle-history"><br></div><div class="battle-history"><small>The opposing Raikou restored a little HP using its Leftovers!</small><br></div><div class="battle-history"><small>Golem restored a little HP using its Leftovers!</small><br></div><div class="spacer battle-history"><br></div><h2 class="battle-history">Turn 134</h2><div class="spacer battle-history"><br></div><div class="battle-history">Vileman withdrew Raikou!<br></div><div class="battle-history">Vileman sent out <strong>Skarmory</strong>!<br></div><div class="spacer battle-history"><br></div><div class="battle-history">Golem, come back!<br></div><div class="battle-history">Go! <strong>Snorlax</strong>!<br></div><div class="spacer battle-history"><br></div><h2 class="battle-history">Turn 135</h2><div class="spacer battle-history"><br></div><div class="battle-history"><small>Snorlax woke up!</small><br></div><div class="spacer battle-history"><br></div><div class="battle-history">Snorlax used <strong>Flamethrower</strong>!<br></div><div class="battle-history"><small>It's super effective!</small><br></div><div class="battle-history"><small>(The opposing Skarmory lost <abbr title="−140/333">42.0%</abbr> of its health!)</small><br></div><div class="spacer battle-history"><br></div><div class="battle-history">The opposing Skarmory used <strong>Whirlwind</strong>!<br></div><div class="spacer battle-history"><br></div><div class="battle-history"><strong>Golem</strong> was dragged out!<br></div><div class="spacer battle-history"><br></div><div class="battle-history"><small>The opposing Skarmory restored a little HP using its Leftovers!</small><br></div><div class="spacer battle-history"><br></div><h2 class="battle-history">Turn 136</h2><div class="spacer battle-history"><br></div><div class="battle-history">The opposing Skarmory used <strong>Drill Peck</strong>!<br></div><div class="battle-history"><small>It's not very effective...</small><br></div><div class="battle-history"><small>(Golem lost <abbr title="−34/363">9.4%</abbr> of its health!)</small><br></div><div class="spacer battle-history"><br></div><div class="battle-history">Golem used <strong>Roar</strong>!<br></div><div class="spacer battle-history"><br></div><div class="battle-history"><strong>Snorlax</strong> was dragged out!<br></div><div class="battle-history"><small>The opposing Snorlax was hurt by the spikes!</small><br></div><div class="spacer battle-history"><br></div><div class="battle-history"><small>Golem restored a little HP using its Leftovers!</small><br></div><div class="battle-history"><small>The opposing Snorlax restored a little HP using its Leftovers!</small><br></div><div class="spacer battle-history"><br></div><h2 class="battle-history">Turn 137</h2><div class="spacer battle-history"><br></div><div class="battle-history">Golem used <strong>Earthquake</strong>!<br></div><div class="battle-history"><small>(The opposing Snorlax lost <abbr title="−170/523">32.5%</abbr> of its health!)</small><br></div><div class="spacer battle-history"><br></div><div class="battle-history">The opposing Snorlax is fast asleep.<br></div><div class="spacer battle-history"><br></div><div class="battle-history"><small>Golem restored a little HP using its Leftovers!</small><br></div><div class="battle-history"><small>The opposing Snorlax restored a little HP using its Leftovers!</small><br></div><div class="spacer battle-history"><br></div><h2 class="battle-history">Turn 138</h2><div class="spacer battle-history"><br></div><div class="battle-history">Golem used <strong>Earthquake</strong>!<br></div><div class="battle-history"><small>(The opposing Snorlax lost <abbr title="−177/523">33.8%</abbr> of its health!)</small><br></div><div class="spacer battle-history"><br></div><div class="battle-history">The opposing Snorlax is fast asleep.<br></div><div class="spacer battle-history"><br></div><div class="battle-history"><small>The opposing Snorlax restored a little HP using its Leftovers!</small><br></div><div class="spacer battle-history"><br></div><h2 class="battle-history">Turn 139</h2><div class="spacer battle-history"><br></div><div class="battle-history">Golem used <strong>Explosion</strong>!<br></div><div class="battle-history"><small>(The opposing Snorlax lost <abbr title="−207/523">39.6%</abbr> of its health!)</small><br></div><div class="spacer battle-history"><br></div><div class="battle-history">The opposing Snorlax fainted!<br></div><div class="battle-history">Golem fainted!<br></div><div class="spacer battle-history"><br></div><div class="battle-history">Vileman sent out <strong>Gengar</strong>!<br></div><div class="spacer battle-history"><br></div><div class="battle-history">Go! <strong>Jynx</strong>!<br></div><div class="battle-history"><small>The opposing Gengar was hurt by the spikes!</small><br></div><div class="spacer battle-history"><br></div><div class="battle-history"><small>The opposing Gengar restored a little HP using its Leftovers!</small><br></div><div class="battle-history"><small>Jynx restored a little HP using its Leftovers!</small><br></div><div class="spacer battle-history"><br></div><h2 class="battle-history">Turn 140</h2><div class="spacer battle-history"><br></div><div class="battle-history">The opposing Gengar used <strong>Explosion</strong>!<br></div><div class="battle-history"><small>(Jynx lost <abbr title="−187/333">56.2%</abbr> of its health!)</small><br></div><div class="spacer battle-history"><br></div><div class="battle-history">Jynx fainted!<br></div><div class="battle-history">The opposing Gengar fainted!<br></div><div class="spacer battle-history"><br></div><div class="battle-history">Vileman sent out <strong>Raikou</strong>!<br></div><div class="spacer battle-history"><br></div><div class="battle-history">Go! <strong>Snorlax</strong>!<br></div><div class="battle-history"><small>The opposing Raikou was hurt by the spikes!</small><br></div><div class="spacer battle-history"><br></div><div class="battle-history"><small>The opposing Raikou restored a little HP using its Leftovers!</small><br></div><div class="spacer battle-history"><br></div><h2 class="battle-history">Turn 141</h2><div class="spacer battle-history"><br></div><div class="battle-history">The opposing Raikou is fast asleep.<br></div><div class="spacer battle-history"><br></div><div class="battle-history">Snorlax used <strong>Double-Edge</strong>!<br></div><div class="battle-history"><small>(The opposing Raikou lost <abbr title="−178/367">48.5%</abbr> of its health!)</small><br></div><div class="battle-history"><small>Snorlax was damaged by the recoil!</small><br></div><div class="spacer battle-history"><br></div><div class="battle-history"><small>The opposing Raikou restored a little HP using its Leftovers!</small><br></div><div class="battle-history"><small>Snorlax restored a little HP using its Leftovers!</small><br></div><div class="spacer battle-history"><br></div><h2 class="battle-history">Turn 142</h2><div class="spacer battle-history"><br></div><div class="battle-history"><small>The opposing Raikou woke up!</small><br></div><div class="spacer battle-history"><br></div><div class="battle-history">The opposing Raikou used <strong>Reflect</strong>!<br></div><div class="battle-history"><small>Reflect made the opposing team stronger against physical moves!</small><br></div><div class="spacer battle-history"><br></div><div class="battle-history">Snorlax used <strong>Double-Edge</strong>!<br></div><div class="battle-history"><small>(The opposing Raikou lost <abbr title="−87/367">23.7%</abbr> of its health!)</small><br></div><div class="battle-history"><small>Snorlax was damaged by the recoil!</small><br></div><div class="spacer battle-history"><br></div><div class="battle-history"><small>The opposing Raikou restored a little HP using its Leftovers!</small><br></div><div class="battle-history"><small>Snorlax restored a little HP using its Leftovers!</small><br></div><div class="spacer battle-history"><br></div><h2 class="battle-history">Turn 143</h2><div class="spacer battle-history"><br></div><div class="battle-history">The opposing Raikou used <strong>Thunder</strong>!<br></div><div class="battle-history"><small>(Snorlax lost <abbr title="−152/523">29.1%</abbr> of its health!)</small><br></div><div class="spacer battle-history"><br></div><div class="battle-history">Snorlax used <strong>Double-Edge</strong>!<br></div><div class="battle-history"><small>(The opposing Raikou lost <abbr title="−89/367">24.3%</abbr> of its health!)</small><br></div><div class="battle-history"><small>Snorlax was damaged by the recoil!</small><br></div><div class="spacer battle-history"><br></div><div class="battle-history"><small>The opposing Raikou restored a little HP using its Leftovers!</small><br></div><div class="battle-history"><small>Snorlax restored a little HP using its Leftovers!</small><br></div><div class="spacer battle-history"><br></div><h2 class="battle-history">Turn 144</h2><div class="spacer battle-history"><br></div><div class="battle-history">The opposing Raikou used <strong>Rest</strong>!<br></div><div class="battle-history"><small>The opposing Raikou fell asleep!</small><br></div><div class="battle-history"><small>The opposing Raikou slept and became healthy!</small><br></div><div class="spacer battle-history"><br></div><div class="battle-history">Snorlax used <strong>Double-Edge</strong>!<br></div><div class="battle-history"><small>(The opposing Raikou lost <abbr title="−87/367">23.7%</abbr> of its health!)</small><br></div><div class="battle-history"><small>Snorlax was damaged by the recoil!</small><br></div><div class="spacer battle-history"><br></div><div class="battle-history"><small>The opposing Raikou restored a little HP using its Leftovers!</small><br></div><div class="battle-history"><small>Snorlax restored a little HP using its Leftovers!</small><br></div><div class="spacer battle-history"><br></div><h2 class="battle-history">Turn 145</h2><div class="spacer battle-history"><br></div><div class="battle-history">The opposing Raikou is fast asleep.<br></div><div class="spacer battle-history"><br></div><div class="battle-history">Snorlax used <strong>Curse</strong>!<br></div><div class="battle-history"><small>Snorlax's Speed fell!</small><br></div><div class="battle-history"><small>Snorlax's Attack rose!</small><br></div><div class="battle-history"><small>Snorlax's Defense rose!</small><br></div><div class="spacer battle-history"><br></div><div class="battle-history"><small>The opposing Raikou restored a little HP using its Leftovers!</small><br></div><div class="battle-history"><small>Snorlax restored a little HP using its Leftovers!</small><br></div><div class="spacer battle-history"><br></div><h2 class="battle-history">Turn 146</h2><div class="spacer battle-history"><br></div><div class="battle-history">Vileman withdrew Raikou!<br></div><div class="battle-history">Vileman sent out <strong>Skarmory</strong>!<br></div><div class="spacer battle-history"><br></div><div class="battle-history">Snorlax used <strong>Double-Edge</strong>!<br></div><div class="battle-history"><small>It's not very effective...</small><br></div><div class="battle-history"><small>(The opposing Skarmory lost <abbr title="−41/333">12.3%</abbr> of its health!)</small><br></div><div class="battle-history"><small>Snorlax was damaged by the recoil!</small><br></div><div class="spacer battle-history"><br></div><div class="battle-history"><small>The opposing Skarmory restored a little HP using its Leftovers!</small><br></div><div class="battle-history"><small>Snorlax restored a little HP using its Leftovers!</small><br></div><div class="battle-history"><small>The opposing team's Reflect wore off!</small><br></div><div class="spacer battle-history"><br></div><h2 class="battle-history">Turn 147</h2><div class="spacer battle-history"><br></div><div class="battle-history">Snorlax used <strong>Flamethrower</strong>!<br></div><div class="battle-history"><small>It's super effective!</small><br></div><div class="battle-history"><small>(The opposing Skarmory lost <abbr title="−138/333">41.4%</abbr> of its health!)</small><br></div><div class="spacer battle-history"><br></div><div class="battle-history">The opposing Skarmory used <strong>Whirlwind</strong>!<br></div><div class="spacer battle-history"><br></div><div class="battle-history"><strong>Exeggutor</strong> was dragged out!<br></div><div class="spacer battle-history"><br></div><div class="battle-history"><small>The opposing Skarmory restored a little HP using its Leftovers!</small><br></div><div class="battle-history"><small>Exeggutor restored a little HP using its Leftovers!</small><br></div><div class="spacer battle-history"><br></div><h2 class="battle-history">Turn 148</h2><div class="spacer battle-history"><br></div><div class="battle-history">Exeggutor, come back!<br></div><div class="battle-history">Go! <strong>Zapdos</strong>!<br></div><div class="spacer battle-history"><br></div><div class="battle-history">The opposing Skarmory used <strong>Drill Peck</strong>!<br></div><div class="battle-history"><small>A critical hit!</small><br></div><div class="battle-history"><small>It's not very effective...</small><br></div><div class="battle-history"><small>(Zapdos lost <abbr title="−91/383">23.8%</abbr> of its health!)</small><br></div><div class="spacer battle-history"><br></div><div class="battle-history"><small>Zapdos restored a little HP using its Leftovers!</small><br></div><div class="battle-history"><small>The opposing Skarmory restored a little HP using its Leftovers!</small><br></div><div class="spacer battle-history"><br></div><h2 class="battle-history">Turn 149</h2><div class="spacer battle-history"><br></div><div class="battle-history">Zapdos, come back!<br></div><div class="battle-history">Go! <strong>Snorlax</strong>!<br></div><div class="spacer battle-history"><br></div><div class="battle-history">The opposing Skarmory used <strong>Drill Peck</strong>!<br></div><div class="battle-history"><small>(Snorlax lost <abbr title="−100/523">19.1%</abbr> of its health!)</small><br></div><div class="spacer battle-history"><br></div><div class="battle-history"><small>The opposing Skarmory restored a little HP using its Leftovers!</small><br></div><div class="battle-history"><small>Snorlax restored a little HP using its Leftovers!</small><br></div><div class="spacer battle-history"><br></div><h2 class="battle-history">Turn 150</h2><div class="spacer battle-history"><br></div><div class="battle-history">The opposing Skarmory used <strong>Drill Peck</strong>!<br></div><div class="battle-history"><small>(Snorlax lost <abbr title="−113/523">21.6%</abbr> of its health!)</small><br></div><div class="spacer battle-history"><br></div><div class="battle-history">Snorlax used <strong>Flamethrower</strong>!<br></div><div class="battle-history"><small>It's super effective!</small><br></div><div class="battle-history"><small>(The opposing Skarmory lost <abbr title="−114/333">34.2%</abbr> of its health!)</small><br></div><div class="spacer battle-history"><br></div><div class="battle-history">The opposing Skarmory fainted!<br></div><div class="spacer battle-history"><br></div><div class="battle-history">Vileman sent out <strong>Raikou</strong>!<br></div><div class="battle-history"><small>The opposing Raikou was hurt by the spikes!</small><br></div><div class="spacer battle-history"><br></div><div class="battle-history"><small>The opposing Raikou restored a little HP using its Leftovers!</small><br></div><div class="battle-history"><small>Snorlax restored a little HP using its Leftovers!</small><br></div><div class="spacer battle-history"><br></div><h2 class="battle-history">Turn 151</h2><div class="spacer battle-history"><br></div><div class="battle-history">The opposing Raikou is fast asleep.<br></div><div class="spacer battle-history"><br></div><div class="battle-history">Snorlax used <strong>Curse</strong>!<br></div><div class="battle-history"><small>Snorlax's Speed fell!</small><br></div><div class="battle-history"><small>Snorlax's Attack rose!</small><br></div><div class="battle-history"><small>Snorlax's Defense rose!</small><br></div><div class="spacer battle-history"><br></div><div class="battle-history"><small>The opposing Raikou restored a little HP using its Leftovers!</small><br></div><div class="battle-history"><small>Snorlax restored a little HP using its Leftovers!</small><br></div><div class="spacer battle-history"><br></div><h2 class="battle-history">Turn 152</h2><div class="spacer battle-history"><br></div><div class="battle-history"><small>The opposing Raikou woke up!</small><br></div><div class="spacer battle-history"><br></div><div class="battle-history">The opposing Raikou used <strong>Reflect</strong>!<br></div><div class="battle-history"><small>Reflect made the opposing team stronger against physical moves!</small><br></div><div class="spacer battle-history"><br></div><div class="battle-history">Snorlax used <strong>Rest</strong>!<br></div><div class="battle-history"><small>Snorlax fell asleep!</small><br></div><div class="battle-history"><small>Snorlax slept and became healthy!</small><br></div><div class="spacer battle-history"><br></div><div class="battle-history"><small>The opposing Raikou restored a little HP using its Leftovers!</small><br></div><div class="spacer battle-history"><br></div><h2 class="battle-history">Turn 153</h2><div class="spacer battle-history"><br></div><div class="battle-history">The opposing Raikou used <strong>Thunder</strong>!<br></div><div class="battle-history"><small>(Snorlax lost <abbr title="−147/523">28.1%</abbr> of its health!)</small><br></div><div class="spacer battle-history"><br></div><div class="battle-history">Snorlax is fast asleep.<br></div><div class="spacer battle-history"><br></div><div class="battle-history"><small>The opposing Raikou restored a little HP using its Leftovers!</small><br></div><div class="battle-history"><small>Snorlax restored a little HP using its Leftovers!</small><br></div><div class="spacer battle-history"><br></div><h2 class="battle-history">Turn 154</h2><div class="spacer battle-history"><br></div><div class="battle-history">The opposing Raikou used <strong>Thunder</strong>!<br></div><div class="battle-history"><small>Snorlax avoided the attack!</small><br></div><div class="spacer battle-history"><br></div><div class="battle-history">Snorlax is fast asleep.<br></div><div class="spacer battle-history"><br></div><div class="battle-history"><small>Snorlax restored a little HP using its Leftovers!</small><br></div><div class="spacer battle-history"><br></div><h2 class="battle-history">Turn 155</h2><div class="spacer battle-history"><br></div><div class="battle-history">The opposing Raikou used <strong>Thunder</strong>!<br></div><div class="battle-history"><small>(Snorlax lost <abbr title="−137/523">26.2%</abbr> of its health!)</small><br></div><div class="battle-history"><small>Snorlax woke up!</small><br></div><div class="spacer battle-history"><br></div><div class="battle-history">Snorlax used <strong>Curse</strong>!<br></div><div class="battle-history"><small>Snorlax's Speed fell!</small><br></div><div class="battle-history"><small>Snorlax's Attack rose!</small><br></div><div class="battle-history"><small>Snorlax's Defense rose!</small><br></div><div class="spacer battle-history"><br></div><div class="battle-history"><small>Snorlax restored a little HP using its Leftovers!</small><br></div><div class="spacer battle-history"><br></div><h2 class="battle-history">Turn 156</h2><div class="spacer battle-history"><br></div><div class="battle-history">The opposing Raikou used <strong>Thunder</strong>!<br></div><div class="battle-history"><small>(Snorlax lost <abbr title="−152/523">29.1%</abbr> of its health!)</small><br></div><div class="spacer battle-history"><br></div><div class="battle-history">Snorlax used <strong>Rest</strong>!<br></div><div class="battle-history"><small>Snorlax fell asleep!</small><br></div><div class="battle-history"><small>Snorlax slept and became healthy!</small><br></div><div class="spacer battle-history"><br></div><div class="battle-history"><small>The opposing team's Reflect wore off!</small><br></div><div class="spacer battle-history"><br></div><h2 class="battle-history">Turn 157</h2><div class="chat chatmessage-vileman"><strong style="color:#9b6b34"><small>☆</small><span class="username" data-name="Vileman">Vileman</span>:</strong> <em>i pray</em></div><div class="chat chatmessage-vileman"><strong style="color:#9b6b34"><small>☆</small><span class="username" data-name="Vileman">Vileman</span>:</strong> <em>to odin</em></div><div class="spacer battle-history"><br></div><div class="battle-history">The opposing Raikou used <strong>Thunder</strong>!<br></div><div class="battle-history"><small>(Snorlax lost <abbr title="−157/523">30.0%</abbr> of its health!)</small><br></div><div class="spacer battle-history"><br></div><div class="battle-history">Snorlax is fast asleep.<br></div><div class="spacer battle-history"><br></div><div class="battle-history"><small>Snorlax restored a little HP using its Leftovers!</small><br></div><div class="spacer battle-history"><br></div><h2 class="battle-history">Turn 158</h2><div class="chat chatmessage-fear"><strong style="color:#99960b"><small>☆</small><span class="username" data-name="Fear">Fear</span>:</strong> <em>pray to whoever you want</em></div><div class="chat chatmessage-vileman"><strong style="color:#9b6b34"><small>☆</small><span class="username" data-name="Vileman">Vileman</span>:</strong> <em>odin answer my prayers</em></div><div class="spacer battle-history"><br></div><div class="battle-history">The opposing Raikou used <strong>Thunder</strong>!<br></div><div class="battle-history"><small>Snorlax avoided the attack!</small><br></div><div class="spacer battle-history"><br></div><div class="battle-history">Snorlax is fast asleep.<br></div><div class="spacer battle-history"><br></div><div class="battle-history"><small>Snorlax restored a little HP using its Leftovers!</small><br></div><div class="spacer battle-history"><br></div><h2 class="battle-history">Turn 159</h2><div class="chat chatmessage-vileman"><strong style="color:#9b6b34"><small>☆</small><span class="username" data-name="Vileman">Vileman</span>:</strong> <em>not answering</em></div><div class="spacer battle-history"><br></div><div class="battle-history">The opposing Raikou used <strong>Thunder</strong>!<br></div><div class="battle-history"><small>Snorlax avoided the attack!</small><br></div><div class="battle-history"><small>Snorlax woke up!</small><br></div><div class="spacer battle-history"><br></div><div class="battle-history">Snorlax used <strong>Double-Edge</strong>!<br></div><div class="battle-history"><small>(The opposing Raikou lost <abbr title="−367/367">100%</abbr> of its health!)</small><br></div><div class="spacer battle-history"><br></div><div class="battle-history">The opposing Raikou fainted!<br></div><div class="spacer battle-history"><br></div><div class="battle-history"><strong>Fear</strong> won the battle!<br></div><div class="battle-history"><small>Snorlax was damaged by the recoil!</small><br></div><div class="chat chatmessage-vileman"><strong style="color:#9b6b34"><small>☆</small><span class="username" data-name="Vileman">Vileman</span>:</strong> <em>gg</em></div><div class="chat chatmessage-fear"><strong style="color:#99960b"><small>☆</small><span class="username" data-name="Fear">Fear</span>:</strong> <em>gg</em></div></div><div class="inner-preempt"></div></div></div>
</div>
<script>
let daily = Math.floor(Date.now()/1000/60/60/24);document.write('<script src="https://play.pokemonshowdown.com/js/replay-embed.js?version'+daily+'"></'+'script>');
</script>
