<!DOCTYPE html>
<meta charset="utf-8" />
<!-- version 1 -->
<title>[Gen 2] OU replay: Luigi vs. HJAD</title>
<style>
html,body {font-family:Verdana, sans-serif;font-size:10pt;margin:0;padding:0;}body{padding:12px 0;} .battle-log {font-family:Verdana, sans-serif;font-size:10pt;} .battle-log-inline {border:1px solid #AAAAAA;background:#EEF2F5;color:black;max-width:640px;margin:0 auto 80px;padding-bottom:5px;} .battle-log .inner {padding:4px 8px 0px 8px;} .battle-log .inner-preempt {padding:0 8px 4px 8px;} .battle-log .inner-after {margin-top:0.5em;} .battle-log h2 {margin:0.5em -8px;padding:4px 8px;border:1px solid #AAAAAA;background:#E0E7EA;border-left:0;border-right:0;font-family:Verdana, sans-serif;font-size:13pt;} .battle-log .chat {vertical-align:middle;padding:3px 0 3px 0;font-size:8pt;} .battle-log .chat strong {color:#40576A;} .battle-log .chat em {padding:1px 4px 1px 3px;color:#000000;font-style:normal;} .chat.mine {background:rgba(0,0,0,0.05);margin-left:-8px;margin-right:-8px;padding-left:8px;padding-right:8px;} .spoiler {color:#BBBBBB;background:#BBBBBB;padding:0px 3px;} .spoiler:hover, .spoiler:active, .spoiler-shown {color:#000000;background:#E2E2E2;padding:0px 3px;} .spoiler a {color:#BBBBBB;} .spoiler:hover a, .spoiler:active a, .spoiler-shown a {color:#2288CC;} .chat code, .chat .spoiler:hover code, .chat .spoiler:active code, .chat .spoiler-shown code {border:1px solid #C0C0C0;background:#EEEEEE;color:black;padding:0 2px;} .chat .spoiler code {border:1px solid #CCCCCC;background:#CCCCCC;color:#CCCCCC;} .battle-log .rated {padding:3px 4px;} .battle-log .rated strong {color:white;background:#89A;padding:1px 4px;border-radius:4px;} .spacer {margin-top:0.5em;} .message-announce {background:#6688AA;color:white;padding:1px 4px 2px;} .message-announce a, .broadcast-green a, .broadcast-blue a, .broadcast-red a {color:#DDEEFF;} .broadcast-green {background-color:#559955;color:white;padding:2px 4px;} .broadcast-blue {background-color:#6688AA;color:white;padding:2px 4px;} .infobox {border:1px solid #6688AA;padding:2px 4px;} .infobox-limited {max-height:200px;overflow:auto;overflow-x:hidden;} .broadcast-red {background-color:#AA5544;color:white;padding:2px 4px;} .message-learn-canlearn {font-weight:bold;color:#228822;text-decoration:underline;} .message-learn-cannotlearn {font-weight:bold;color:#CC2222;text-decoration:underline;} .message-effect-weak {font-weight:bold;color:#CC2222;} .message-effect-resist {font-weight:bold;color:#6688AA;} .message-effect-immune {font-weight:bold;color:#666666;} .message-learn-list {margin-top:0;margin-bottom:0;} .message-throttle-notice, .message-error {color:#992222;} .message-overflow, .chat small.message-overflow {font-size:0pt;} .message-overflow::before {font-size:9pt;content:'...';} .subtle {color:#3A4A66;}
</style>
<div class="wrapper replay-wrapper" style="max-width:1180px;margin:0 auto">
<input type="hidden" name="replayid" value="smogtours-gen2ou-300215" />
<div class="battle"></div><div class="battle-log"></div><div class="replay-controls"></div><div class="replay-controls-2"></div>
<h1 style="font-weight:normal;text-align:center"><strong>[Gen 2] OU</strong><br /><a href="http://pokemonshowdown.com/users/luigi" class="subtle" target="_blank">Luigi</a> vs. <a href="http://pokemonshowdown.com/users/hjad" class="subtle" target="_blank">HJAD</a></h1>
<script type="text/plain" class="battle-log-data">|inactive|Battle timer is ON: inactive players will automatically lose when time's up.
|J|Luigi
|J|HJAD
|player|p1|Luigi|184
|teamsize|p1|6
|player|p2|HJAD|70
|teamsize|p2|6
|gametype|singles
|gen|2
|tier|[Gen 2] OU
|seed|40767,18554,56541,36733
|rule|Sleep Clause Mod: Limit one foe put to sleep
|rule|Species Clause: Limit one of each Pokémon
|rule|OHKO Clause: OHKO moves are banned
|rule|Evasion Moves Clause: Evasion moves are banned
|rule|HP Percentage Mod: HP is shown in percentages
|
|start
|switch|p1a: Zapdos|Zapdos|383\/383
|switch|p2a: Raikou|Raikou|383\/383
|turn|1
|c|☆HJAD|gl hf
|J|giara ★_★
|J|Jimmy Turtwig
|J|zf
|J|autumn leaves
|choice|switch 5|move reflect
|
|switch|p1a: Steelix|Steelix, M|353\/353
|move|p2a: Raikou|Reflect|p2a: Raikou
|-sidestart|p2: HJAD|Reflect
|
|upkeep
|turn|2
|J|Ouss Dembele
|choice|move earthquake|switch 5
|
|switch|p2a: Starmie|Starmie|323\/323
|move|p1a: Steelix|Earthquake|p2a: Starmie
|-damage|p2a: Starmie|257\/323
|
|-heal|p2a: Starmie|277\/323|[from] item: Leftovers
|upkeep
|turn|3
|J|Mounts
|choice|switch 5|move toxic
|
|switch|p1a: Zapdos|Zapdos|383\/383
|move|p2a: Starmie|Toxic|p1a: Zapdos
|-status|p1a: Zapdos|tox
|
|-heal|p2a: Starmie|297\/323|[from] item: Leftovers
|upkeep
|turn|4
|J|TheThorn
|J|kratosmana✪
|J|Have one on me
|choice|move thunder|switch 5
|
|switch|p2a: Raikou|Raikou|383\/383
|move|p1a: Zapdos|Thunder|p2a: Raikou|[miss]
|-miss|p1a: Zapdos|p2a: Raikou
|-damage|p1a: Zapdos|360\/383 tox|[from] tox|[of] p2a: Raikou
|
|-heal|p1a: Zapdos|383\/383 tox|[from] item: Leftovers
|upkeep
|turn|5
|J|Reymedy→
|choice|switch 5|move roar
|
|switch|p1a: Steelix|Steelix, M|353\/353
|move|p2a: Raikou|Roar|p1a: Steelix
|drag|p1a: Cloyster|Cloyster, M|303\/303
|
|-sideend|p2: HJAD|Reflect
|upkeep
|turn|6
|choice|switch 6|move reflect
|
|switch|p1a: Steelix|Steelix, M|353\/353
|move|p2a: Raikou|Reflect|p2a: Raikou
|-sidestart|p2: HJAD|Reflect
|
|upkeep
|turn|7
|J|Peasounay
|L|autumn leaves
|choice|move earthquake|switch 6
|
|switch|p2a: Suicune|Suicune|403\/403
|move|p1a: Steelix|Earthquake|p2a: Suicune
|-damage|p2a: Suicune|350\/403
|
|-heal|p2a: Suicune|375\/403|[from] item: Leftovers
|upkeep
|turn|8
|J|kamisama_no49
|J|Ojama
|choice|switch 6|move icebeam
|
|switch|p1a: Cloyster|Cloyster, M|303\/303
|move|p2a: Suicune|Ice Beam|p1a: Cloyster
|-resisted|p1a: Cloyster
|-damage|p1a: Cloyster|276\/303
|
|-heal|p2a: Suicune|400\/403|[from] item: Leftovers
|-heal|p1a: Cloyster|294\/303|[from] item: Leftovers
|upkeep
|turn|9
|choice|move spikes|switch 5
|
|switch|p2a: Starmie|Starmie|297\/323
|move|p1a: Cloyster|Spikes|p2a: Starmie
|-sidestart|p2: HJAD|Spikes
|
|-heal|p2a: Starmie|317\/323|[from] item: Leftovers
|-heal|p1a: Cloyster|303\/303|[from] item: Leftovers
|upkeep
|turn|10
|choice|move toxic|move rapidspin
|
|move|p2a: Starmie|Rapid Spin|p1a: Cloyster
|-damage|p1a: Cloyster|293\/303
|-sideend|p2: HJAD|Spikes|[from] move: Rapid Spin|[of] p2a: Starmie
|move|p1a: Cloyster|Toxic|p2a: Starmie
|-status|p2a: Starmie|tox
|
|-heal|p2a: Starmie|323\/323 tox|[from] item: Leftovers
|-heal|p1a: Cloyster|303\/303|[from] item: Leftovers
|-sideend|p2: HJAD|Reflect
|upkeep
|turn|11
|L|kamisama_no49
|choice|switch 5|move toxic
|
|switch|p1a: Zapdos|Zapdos|383\/383 tox
|-status|p1a: Zapdos|psn
|-damage|p1a: Zapdos|336\/383 psn|[from] psn
|move|p2a: Starmie|Toxic|p1a: Zapdos
|-fail|p1a: Zapdos
|-damage|p2a: Starmie|303\/323 tox|[from] tox|[of] p1a: Zapdos
|
|-heal|p2a: Starmie|323\/323 tox|[from] item: Leftovers
|-heal|p1a: Zapdos|359\/383 psn|[from] item: Leftovers
|upkeep
|turn|12
|J|kamisama_no49
|choice|move thunder|switch 6
|
|switch|p2a: Raikou|Raikou|383\/383
|move|p1a: Zapdos|Thunder|p2a: Raikou|[miss]
|-miss|p1a: Zapdos|p2a: Raikou
|-damage|p1a: Zapdos|312\/383 psn|[from] psn|[of] p2a: Raikou
|
|-heal|p1a: Zapdos|335\/383 psn|[from] item: Leftovers
|upkeep
|turn|13
|J|Cdumas *-*
|choice|switch 6|move reflect
|
|switch|p1a: Steelix|Steelix, M|353\/353
|move|p2a: Raikou|Reflect|p2a: Raikou
|-sidestart|p2: HJAD|Reflect
|
|upkeep
|turn|14
|J|Pohjis
|choice|move earthquake|move thunder
|
|move|p2a: Raikou|Thunder|p1a: Steelix
|-immune|p1a: Steelix|[msg]
|move|p1a: Steelix|Earthquake|p2a: Raikou
|-supereffective|p2a: Raikou
|-damage|p2a: Raikou|254\/383
|
|-heal|p2a: Raikou|277\/383|[from] item: Leftovers
|upkeep
|turn|15
|J|wild drud
|choice|move earthquake|switch 5
|
|switch|p2a: Suicune|Suicune|400\/403
|move|p1a: Steelix|Earthquake|p2a: Suicune
|-damage|p2a: Suicune|350\/403
|
|-heal|p2a: Suicune|375\/403|[from] item: Leftovers
|upkeep
|turn|16
|J|Blackoblivion
|choice|switch 5|move surf
|
|switch|p1a: Cloyster|Cloyster, M|303\/303
|move|p2a: Suicune|Surf|p1a: Cloyster
|-resisted|p1a: Cloyster
|-damage|p1a: Cloyster|223\/303
|
|-heal|p2a: Suicune|400\/403|[from] item: Leftovers
|-heal|p1a: Cloyster|241\/303|[from] item: Leftovers
|upkeep
|turn|17
|L|Blackoblivion
|choice|move spikes|move surf
|
|move|p2a: Suicune|Surf|p1a: Cloyster
|-resisted|p1a: Cloyster
|-damage|p1a: Cloyster|163\/303
|move|p1a: Cloyster|Spikes|p2a: Suicune
|-sidestart|p2: HJAD|Spikes
|
|-heal|p2a: Suicune|403\/403|[from] item: Leftovers
|-heal|p1a: Cloyster|181\/303|[from] item: Leftovers
|-sideend|p2: HJAD|Reflect
|upkeep
|turn|18
|L|wild drud
|J|thedrumpyguy
|choice|switch 6|move icebeam
|
|switch|p1a: Zapdos|Zapdos|335\/383 psn
|-damage|p1a: Zapdos|288\/383 psn|[from] psn
|move|p2a: Suicune|Ice Beam|p1a: Zapdos
|-supereffective|p1a: Zapdos
|-damage|p1a: Zapdos|147\/383 psn
|
|-heal|p1a: Zapdos|170\/383 psn|[from] item: Leftovers
|upkeep
|turn|19
|choice|move rest|move icebeam
|
|move|p1a: Zapdos|Rest|p1a: Zapdos
|-status|p1a: Zapdos|slp
|-heal|p1a: Zapdos|383\/383 slp|[silent]
|-status|p1a: Zapdos|slp|[from] move: Rest
|move|p2a: Suicune|Ice Beam|p1a: Zapdos
|-supereffective|p1a: Zapdos
|-damage|p1a: Zapdos|224\/383 slp
|
|-heal|p1a: Zapdos|247\/383 slp|[from] item: Leftovers
|upkeep
|turn|20
|choice|switch 2|move icebeam
|
|switch|p1a: Snorlax|Snorlax, M|523\/523
|move|p2a: Suicune|Ice Beam|p1a: Snorlax
|-damage|p1a: Snorlax|454\/523
|
|-heal|p1a: Snorlax|486\/523|[from] item: Leftovers
|upkeep
|turn|21
|J|hamhamhamham
|choice|move doubleedge|switch 4
|
|switch|p2a: Miltank|Miltank, F|393\/393
|-damage|p2a: Miltank|344\/393|[from] Spikes
|move|p1a: Snorlax|Double-Edge|p2a: Miltank
|-damage|p2a: Miltank|197\/393
|-damage|p1a: Snorlax|450\/523|[from] Recoil|[of] p2a: Miltank
|
|-heal|p2a: Miltank|221\/393|[from] item: Leftovers
|-heal|p1a: Snorlax|482\/523|[from] item: Leftovers
|upkeep
|turn|22
|J|Lutra
|J|Ban♪Manaphy
|J|Mysterious M ️♠
|J|Pearl ❤
|L|Ouss Dembele
|J|Empo
|J|fish18
|J|We Three Kings
|choice|switch 4|move milkdrink
|
|switch|p1a: Gengar|Gengar, M|323\/323
|move|p2a: Miltank|Milk Drink|p2a: Miltank
|-heal|p2a: Miltank|393\/393
|
|upkeep
|turn|23
|J|Roro
|J|Kingler12345
|choice|move dynamicpunch|switch 2
|
|switch|p2a: Snorlax|Snorlax, M|523\/523
|-damage|p2a: Snorlax|458\/523|[from] Spikes
|move|p1a: Gengar|Dynamic Punch|p2a: Snorlax|[miss]
|-miss|p1a: Gengar|p2a: Snorlax
|
|-heal|p2a: Snorlax|490\/523|[from] item: Leftovers
|upkeep
|turn|24
|J|shade
|choice|move dynamicpunch|move earthquake
|
|move|p1a: Gengar|Dynamic Punch|p2a: Snorlax|[miss]
|-miss|p1a: Gengar|p2a: Snorlax
|move|p2a: Snorlax|Earthquake|p1a: Gengar
|-supereffective|p1a: Gengar
|-damage|p1a: Gengar|112\/323
|
|-heal|p1a: Gengar|132\/323|[from] item: Leftovers
|-heal|p2a: Snorlax|522\/523|[from] item: Leftovers
|upkeep
|turn|25
|choice|switch 4|move earthquake
|
|switch|p1a: Snorlax|Snorlax, M|482\/523
|move|p2a: Snorlax|Earthquake|p1a: Snorlax
|-damage|p1a: Snorlax|378\/523
|
|-heal|p1a: Snorlax|410\/523|[from] item: Leftovers
|-heal|p2a: Snorlax|523\/523|[from] item: Leftovers
|upkeep
|turn|26
|J|ludicrousman
|J|HC✈️_✈️
|choice|move doubleedge|move return
|
|move|p2a: Snorlax|Return|p1a: Snorlax
|-damage|p1a: Snorlax|238\/523
|move|p1a: Snorlax|Double-Edge|p2a: Snorlax
|-damage|p2a: Snorlax|331\/523
|-damage|p1a: Snorlax|190\/523|[from] Recoil|[of] p2a: Snorlax
|
|-heal|p1a: Snorlax|222\/523|[from] item: Leftovers
|-heal|p2a: Snorlax|363\/523|[from] item: Leftovers
|upkeep
|turn|27
|choice|move selfdestruct|move return
|
|move|p2a: Snorlax|Return|p1a: Snorlax
|-damage|p1a: Snorlax|43\/523
|move|p1a: Snorlax|Self-Destruct|p2a: Snorlax
|-damage|p2a: Snorlax|0 fnt
|faint|p2a: Snorlax
|faint|p1a: Snorlax
|J|loud abovt us
|L|loud abovt us
|choice|switch 3|switch 4
|
|switch|p1a: Jynx|Jynx, F|333\/333
|switch|p2a: Suicune|Suicune|403\/403
|-damage|p2a: Suicune|353\/403|[from] Spikes
|
|-heal|p2a: Suicune|378\/403|[from] item: Leftovers
|upkeep
|turn|28
|choice|move substitute|move surf
|
|move|p1a: Jynx|Substitute|p1a: Jynx
|-start|p1a: Jynx|Substitute
|-damage|p1a: Jynx|250\/333
|move|p2a: Suicune|Surf|p1a: Jynx
|-crit|p1a: Jynx
|-end|p1a: Jynx|Substitute
|
|-heal|p1a: Jynx|270\/333|[from] item: Leftovers
|-heal|p2a: Suicune|403\/403|[from] item: Leftovers
|upkeep
|turn|29
|choice|move lovelykiss|move surf
|
|move|p1a: Jynx|Lovely Kiss|p2a: Suicune
|-status|p2a: Suicune|slp
|cant|p2a: Suicune|slp
|
|-heal|p1a: Jynx|290\/333|[from] item: Leftovers
|upkeep
|turn|30
|choice|move psychic|move sleeptalk
|
|move|p1a: Jynx|Psychic|p2a: Suicune
|-damage|p2a: Suicune|301\/403 slp
|-unboost|p2a: Suicune|spd|1
|cant|p2a: Suicune|slp
|move|p2a: Suicune|Sleep Talk|p2a: Suicune
|move|p2a: Suicune|Rest|p2a: Suicune|[from]Sleep Talk
|-heal|p2a: Suicune|403\/403 slp|[silent]
|-status|p2a: Suicune|slp|[from] move: Rest
|
|-heal|p1a: Jynx|310\/333|[from] item: Leftovers
|upkeep
|turn|31
|choice|move psychic|switch 6
|
|switch|p2a: Starmie|Starmie|323\/323 tox
|-status|p2a: Starmie|psn
|-damage|p2a: Starmie|283\/323 psn|[from] Spikes
|-damage|p2a: Starmie|243\/323 psn|[from] psn
|move|p1a: Jynx|Psychic|p2a: Starmie
|-resisted|p2a: Starmie
|-damage|p2a: Starmie|177\/323 psn
|
|-heal|p2a: Starmie|197\/323 psn|[from] item: Leftovers
|-heal|p1a: Jynx|330\/333|[from] item: Leftovers
|upkeep
|turn|32
|L|thedrumpyguy
|J|thedrumpyguy
|J|autumn leaves
|choice|switch 4|move rapidspin
|
|switch|p1a: Gengar|Gengar, M|132\/323
|move|p2a: Starmie|Rapid Spin|p1a: Gengar
|-immune|p1a: Gengar|[msg]
|-damage|p2a: Starmie|157\/323 psn|[from] psn|[of] p1a: Gengar
|
|-heal|p2a: Starmie|177\/323 psn|[from] item: Leftovers
|-heal|p1a: Gengar|152\/323|[from] item: Leftovers
|upkeep
|turn|33
|choice|move thunderbolt|switch 5
|
|switch|p2a: Raikou|Raikou|277\/383
|-damage|p2a: Raikou|230\/383|[from] Spikes
|move|p1a: Gengar|Thunderbolt|p2a: Raikou
|-resisted|p2a: Raikou
|-damage|p2a: Raikou|188\/383
|
|-heal|p2a: Raikou|211\/383|[from] item: Leftovers
|-heal|p1a: Gengar|172\/323|[from] item: Leftovers
|upkeep
|turn|34
|L|TheThorn
|J|GGTMM
|choice|switch 5|move reflect
|
|switch|p1a: Steelix|Steelix, M|353\/353
|move|p2a: Raikou|Reflect|p2a: Raikou
|-sidestart|p2: HJAD|Reflect
|
|-heal|p2a: Raikou|234\/383|[from] item: Leftovers
|upkeep
|turn|35
|choice|move roar|switch 2
|
|switch|p2a: Miltank|Miltank, F|393\/393
|-damage|p2a: Miltank|344\/393|[from] Spikes
|move|p1a: Steelix|Roar|p2a: Miltank
|drag|p2a: Suicune|Suicune|403\/403 slp
|-damage|p2a: Suicune|353\/403 slp|[from] Spikes
|
|-heal|p2a: Suicune|378\/403 slp|[from] item: Leftovers
|upkeep
|turn|36
|choice|switch 2|move sleeptalk
|
|switch|p1a: Zapdos|Zapdos|247\/383 slp
|cant|p2a: Suicune|slp
|move|p2a: Suicune|Sleep Talk|p2a: Suicune
|move|p2a: Suicune|Rest|p2a: Suicune|[from]Sleep Talk
|-heal|p2a: Suicune|403\/403 slp|[silent]
|-status|p2a: Suicune|slp|[from] move: Rest
|
|-heal|p1a: Zapdos|270\/383 slp|[from] item: Leftovers
|upkeep
|turn|37
|choice|move sleeptalk|switch 2
|
|switch|p2a: Raikou|Raikou|234\/383
|-damage|p2a: Raikou|187\/383|[from] Spikes
|cant|p1a: Zapdos|slp
|move|p1a: Zapdos|Sleep Talk|p1a: Zapdos
|move|p1a: Zapdos|Rest|p1a: Zapdos|[from]Sleep Talk
|-heal|p1a: Zapdos|383\/383 slp|[silent]
|-status|p1a: Zapdos|slp|[from] move: Rest
|
|-heal|p2a: Raikou|210\/383|[from] item: Leftovers
|upkeep
|turn|38
|J|Quite Quiet
|choice|move sleeptalk|switch 2
|
|switch|p2a: Suicune|Suicune|403\/403 slp
|-damage|p2a: Suicune|353\/403 slp|[from] Spikes
|cant|p1a: Zapdos|slp
|move|p1a: Zapdos|Sleep Talk|p1a: Zapdos
|move|p1a: Zapdos|Thunder|p2a: Suicune|[from]Sleep Talk
|-supereffective|p2a: Suicune
|-damage|p2a: Suicune|35\/403 slp
|
|-heal|p2a: Suicune|60\/403 slp|[from] item: Leftovers
|-sideend|p2: HJAD|Reflect
|upkeep
|turn|39
|c|☆Luigi|nice.
|choice|move sleeptalk|switch 2
|
|switch|p2a: Raikou|Raikou|210\/383
|-damage|p2a: Raikou|163\/383|[from] Spikes
|cant|p1a: Zapdos|slp
|move|p1a: Zapdos|Sleep Talk|p1a: Zapdos
|move|p1a: Zapdos|Rest|p1a: Zapdos|[from]Sleep Talk
|-fail|p1a: Zapdos
|
|-heal|p2a: Raikou|186\/383|[from] item: Leftovers
|upkeep
|turn|40
|J|Choiced Choice
|choice|switch 2|move rest
|
|switch|p1a: Steelix|Steelix, M|353\/353
|move|p2a: Raikou|Rest|p2a: Raikou
|-status|p2a: Raikou|slp
|-heal|p2a: Raikou|383\/383 slp|[silent]
|-status|p2a: Raikou|slp|[from] move: Rest
|
|upkeep
|turn|41
|J|Freeroamer❄️
|L|Pearl ❤
|choice|move earthquake|switch 6
|
|switch|p2a: Miltank|Miltank, F|344\/393
|-damage|p2a: Miltank|295\/393|[from] Spikes
|move|p1a: Steelix|Earthquake|p2a: Miltank
|-damage|p2a: Miltank|186\/393
|
|-heal|p2a: Miltank|210\/393|[from] item: Leftovers
|upkeep
|turn|42
|choice|move roar|move healbell
|
|move|p2a: Miltank|Heal Bell|p2a: Miltank
|-cureteam|p2a: Miltank|[from] move: Heal Bell
|move|p1a: Steelix|Roar|p2a: Miltank
|drag|p2a: Suicune|Suicune|60\/403
|-damage|p2a: Suicune|10\/403|[from] Spikes
|
|-heal|p2a: Suicune|35\/403|[from] item: Leftovers
|upkeep
|turn|43
|choice|switch 2|move rest
|
|switch|p1a: Zapdos|Zapdos|383\/383 slp
|move|p2a: Suicune|Rest|p2a: Suicune
|-status|p2a: Suicune|slp
|-heal|p2a: Suicune|403\/403 slp|[silent]
|-status|p2a: Suicune|slp|[from] move: Rest
|
|upkeep
|turn|44
|choice|switch 2|switch 6
|
|switch|p1a: Steelix|Steelix, M|353\/353
|switch|p2a: Raikou|Raikou|383\/383
|-damage|p2a: Raikou|336\/383|[from] Spikes
|
|-heal|p2a: Raikou|359\/383|[from] item: Leftovers
|upkeep
|turn|45
|J|hide it in my rock
|choice|move curse|switch 3
|
|switch|p2a: Skarmory|Skarmory, M|333\/333
|move|p1a: Steelix|Curse|p1a: Steelix
|-unboost|p1a: Steelix|spe|1
|-boost|p1a: Steelix|atk|1
|-boost|p1a: Steelix|def|1
|
|upkeep
|turn|46
|choice|move roar|move whirlwind
|
|move|p2a: Skarmory|Whirlwind|p1a: Steelix
|-fail|p1a: Steelix
|move|p1a: Steelix|Roar|p2a: Skarmory
|drag|p2a: Starmie|Starmie|177\/323
|-damage|p2a: Starmie|137\/323|[from] Spikes
|
|-heal|p2a: Starmie|157\/323|[from] item: Leftovers
|upkeep
|turn|47
|choice|move earthquake|move recover
|
|move|p2a: Starmie|Recover|p2a: Starmie
|-heal|p2a: Starmie|319\/323
|move|p1a: Steelix|Earthquake|p2a: Starmie
|-damage|p2a: Starmie|144\/323
|
|-heal|p2a: Starmie|164\/323|[from] item: Leftovers
|upkeep
|turn|48
|J|noveliss
|L|hamhamhamham
|choice|move earthquake|move recover
|
|move|p2a: Starmie|Recover|p2a: Starmie
|-heal|p2a: Starmie|323\/323
|move|p1a: Steelix|Earthquake|p2a: Starmie
|-damage|p2a: Starmie|159\/323
|
|-heal|p2a: Starmie|179\/323|[from] item: Leftovers
|upkeep
|turn|49
|choice|move earthquake|move rapidspin
|
|move|p2a: Starmie|Rapid Spin|p1a: Steelix
|-resisted|p1a: Steelix
|-damage|p1a: Steelix|351\/353
|-sideend|p2: HJAD|Spikes|[from] move: Rapid Spin|[of] p2a: Starmie
|move|p1a: Steelix|Earthquake|p2a: Starmie
|-damage|p2a: Starmie|16\/323
|
|-heal|p2a: Starmie|36\/323|[from] item: Leftovers
|-heal|p1a: Steelix|353\/353|[from] item: Leftovers
|upkeep
|turn|50
|choice|move earthquake|switch 5
|
|switch|p2a: Skarmory|Skarmory, M|333\/333
|move|p1a: Steelix|Earthquake|p2a: Skarmory
|-immune|p2a: Skarmory|[msg]
|
|upkeep
|turn|51
|choice|switch 6|move whirlwind
|
|switch|p1a: Cloyster|Cloyster, M|181\/303
|move|p2a: Skarmory|Whirlwind|p1a: Cloyster
|drag|p1a: Jynx|Jynx, F|330\/333
|
|-heal|p1a: Jynx|333\/333|[from] item: Leftovers
|upkeep
|turn|52
|choice|move icebeam|switch 6
|
|switch|p2a: Suicune|Suicune|403\/403 slp
|move|p1a: Jynx|Ice Beam|p2a: Suicune
|-resisted|p2a: Suicune
|-damage|p2a: Suicune|348\/403 slp
|
|-heal|p2a: Suicune|373\/403 slp|[from] item: Leftovers
|upkeep
|turn|53
|choice|move psychic|move sleeptalk
|
|move|p1a: Jynx|Psychic|p2a: Suicune
|-damage|p2a: Suicune|263\/403 slp
|cant|p2a: Suicune|slp
|move|p2a: Suicune|Sleep Talk|p2a: Suicune
|move|p2a: Suicune|Ice Beam|p1a: Jynx|[from]Sleep Talk
|-resisted|p1a: Jynx
|-damage|p1a: Jynx|295\/333
|
|-heal|p1a: Jynx|315\/333|[from] item: Leftovers
|-heal|p2a: Suicune|288\/403 slp|[from] item: Leftovers
|upkeep
|turn|54
|L|kratosmana✪
|choice|switch 4|move sleeptalk
|
|switch|p1a: Cloyster|Cloyster, M|181\/303
|cant|p2a: Suicune|slp
|move|p2a: Suicune|Sleep Talk|p2a: Suicune
|move|p2a: Suicune|Surf|p1a: Cloyster|[from]Sleep Talk
|-resisted|p1a: Cloyster
|-damage|p1a: Cloyster|96\/303
|
|-heal|p2a: Suicune|313\/403 slp|[from] item: Leftovers
|-heal|p1a: Cloyster|114\/303|[from] item: Leftovers
|upkeep
|turn|55
|L|Mysterious M ️♠
|J|TSR
|choice|move spikes|move surf
|
|-curestatus|p2a: Suicune|slp|[msg]
|move|p2a: Suicune|Surf|p1a: Cloyster
|-resisted|p1a: Cloyster
|-damage|p1a: Cloyster|31\/303
|move|p1a: Cloyster|Spikes|p2a: Suicune
|-sidestart|p2: HJAD|Spikes
|
|-heal|p2a: Suicune|338\/403|[from] item: Leftovers
|-heal|p1a: Cloyster|49\/303|[from] item: Leftovers
|upkeep
|turn|56
|choice|switch 2|move surf
|
|switch|p1a: Zapdos|Zapdos|383\/383 slp
|move|p2a: Suicune|Surf|p1a: Zapdos
|-damage|p1a: Zapdos|275\/383 slp
|
|-heal|p1a: Zapdos|298\/383 slp|[from] item: Leftovers
|-heal|p2a: Suicune|363\/403|[from] item: Leftovers
|upkeep
|turn|57
|choice|move thunder|switch 3
|
|switch|p2a: Raikou|Raikou|359\/383
|-damage|p2a: Raikou|312\/383|[from] Spikes
|-curestatus|p1a: Zapdos|slp|[msg]
|move|p1a: Zapdos|Thunder|p2a: Raikou
|-resisted|p2a: Raikou
|-damage|p2a: Raikou|234\/383
|-status|p2a: Raikou|par
|
|-heal|p1a: Zapdos|321\/383|[from] item: Leftovers
|-heal|p2a: Raikou|257\/383 par|[from] item: Leftovers
|upkeep
|turn|58
|choice|move hiddenpower|move reflect
|
|move|p1a: Zapdos|Hidden Power|p2a: Raikou
|-damage|p2a: Raikou|193\/383 par
|move|p2a: Raikou|Reflect|p2a: Raikou
|-sidestart|p2: HJAD|Reflect
|
|-heal|p1a: Zapdos|344\/383|[from] item: Leftovers
|-heal|p2a: Raikou|216\/383 par|[from] item: Leftovers
|upkeep
|turn|59
|L|Choiced Choice
|choice|switch 6|move rest
|
|switch|p1a: Steelix|Steelix, M|353\/353
|cant|p2a: Raikou|par
|
|-heal|p2a: Raikou|239\/383 par|[from] item: Leftovers
|upkeep
|turn|60
|choice|move roar|switch 3
|
|switch|p2a: Suicune|Suicune|363\/403
|-damage|p2a: Suicune|313\/403|[from] Spikes
|move|p1a: Steelix|Roar|p2a: Suicune
|drag|p2a: Miltank|Miltank, F|210\/393
|-damage|p2a: Miltank|161\/393|[from] Spikes
|
|-heal|p2a: Miltank|185\/393|[from] item: Leftovers
|upkeep
|turn|61
|L|Quite Quiet
|choice|switch 2|move milkdrink
|
|switch|p1a: Cloyster|Cloyster, M|49\/303
|move|p2a: Miltank|Milk Drink|p2a: Miltank
|-heal|p2a: Miltank|382\/393
|
|-heal|p2a: Miltank|393\/393|[from] item: Leftovers
|-heal|p1a: Cloyster|67\/303|[from] item: Leftovers
|upkeep
|turn|62
|J|Frania ★
|choice|switch 5|move bodyslam
|
|switch|p1a: Gengar|Gengar, M|172\/323
|move|p2a: Miltank|Body Slam|p1a: Gengar
|-immune|p1a: Gengar|[msg]
|
|-heal|p1a: Gengar|192\/323|[from] item: Leftovers
|-sideend|p2: HJAD|Reflect
|upkeep
|turn|63
|L|Frania ★
|choice|move dynamicpunch|switch 3
|
|switch|p2a: Raikou|Raikou|239\/383 par
|-damage|p2a: Raikou|192\/383 par|[from] Spikes
|move|p1a: Gengar|Dynamic Punch|p2a: Raikou|[miss]
|-miss|p1a: Gengar|p2a: Raikou
|
|-heal|p1a: Gengar|212\/323|[from] item: Leftovers
|-heal|p2a: Raikou|215\/383 par|[from] item: Leftovers
|upkeep
|turn|64
|choice|move dynamicpunch|move thunder
|
|move|p1a: Gengar|Dynamic Punch|p2a: Raikou
|-damage|p2a: Raikou|143\/383 par
|-start|p2a: Raikou|confusion
|-activate|p2a: Raikou|confusion
|move|p2a: Raikou|Thunder|p1a: Gengar
|-damage|p1a: Gengar|41\/323
|
|-heal|p1a: Gengar|61\/323|[from] item: Leftovers
|-heal|p2a: Raikou|166\/383 par|[from] item: Leftovers
|upkeep
|turn|65
|J|phalangite
|L|thedrumpyguy
|choice|move thunderbolt|move thunder
|
|move|p1a: Gengar|Thunderbolt|p2a: Raikou
|-resisted|p2a: Raikou
|-damage|p2a: Raikou|123\/383 par
|-activate|p2a: Raikou|confusion
|move|p2a: Raikou|Thunder|p1a: Gengar
|-damage|p1a: Gengar|0 fnt
|faint|p1a: Gengar
|J|Mysterious M ️♠
|c|☆Luigi|.
|L|Reymedy→
|c|☆HJAD|thats the best trained kou ive ever had
|J|6A9 Ace Matador
|choice|switch 2|
|
|switch|p1a: Steelix|Steelix, M|353\/353
|
|-heal|p2a: Raikou|146\/383 par|[from] item: Leftovers
|upkeep
|turn|66
|choice|move earthquake|switch 2
|
|switch|p2a: Suicune|Suicune|313\/403
|-damage|p2a: Suicune|263\/403|[from] Spikes
|move|p1a: Steelix|Earthquake|p2a: Suicune
|-damage|p2a: Suicune|159\/403
|
|-heal|p2a: Suicune|184\/403|[from] item: Leftovers
|upkeep
|turn|67
|L|6A9 Ace Matador
|choice|switch 6|move rest
|
|switch|p1a: Zapdos|Zapdos|344\/383
|move|p2a: Suicune|Rest|p2a: Suicune
|-status|p2a: Suicune|slp
|-heal|p2a: Suicune|403\/403 slp|[silent]
|-status|p2a: Suicune|slp|[from] move: Rest
|
|-heal|p1a: Zapdos|367\/383|[from] item: Leftovers
|upkeep
|turn|68
|choice|move hiddenpower|move sleeptalk
|
|move|p1a: Zapdos|Hidden Power|p2a: Suicune
|-resisted|p2a: Suicune
|-damage|p2a: Suicune|375\/403 slp
|cant|p2a: Suicune|slp
|move|p2a: Suicune|Sleep Talk|p2a: Suicune
|move|p2a: Suicune|Ice Beam|p1a: Zapdos|[from]Sleep Talk
|-supereffective|p1a: Zapdos
|-damage|p1a: Zapdos|222\/383
|
|-heal|p1a: Zapdos|245\/383|[from] item: Leftovers
|-heal|p2a: Suicune|400\/403 slp|[from] item: Leftovers
|upkeep
|turn|69
|choice|move thunder|switch 5
|
|switch|p2a: Starmie|Starmie|36\/323
|-damage|p2a: Starmie|0 fnt|[from] Spikes
|faint|p2a: Starmie
|choice||switch 2
|
|switch|p2a: Raikou|Raikou|146\/383 par
|-damage|p2a: Raikou|99\/383 par|[from] Spikes
|
|-heal|p1a: Zapdos|268\/383|[from] item: Leftovers
|-heal|p2a: Raikou|122\/383 par|[from] item: Leftovers
|upkeep
|turn|70
|choice|switch 5|move rest
|
|switch|p1a: Cloyster|Cloyster, M|67\/303
|move|p2a: Raikou|Rest|p2a: Raikou
|-status|p2a: Raikou|slp
|-heal|p2a: Raikou|383\/383 slp|[silent]
|-status|p2a: Raikou|slp|[from] move: Rest
|
|-heal|p1a: Cloyster|85\/303|[from] item: Leftovers
|upkeep
|turn|71
|choice|switch 6|switch 3
|
|switch|p2a: Miltank|Miltank, F|393\/393
|-damage|p2a: Miltank|344\/393|[from] Spikes
|switch|p1a: Steelix|Steelix, M|353\/353
|
|-heal|p2a: Miltank|368\/393|[from] item: Leftovers
|upkeep
|turn|72
|choice|switch 5|move healbell
|
|switch|p1a: Zapdos|Zapdos|268\/383
|move|p2a: Miltank|Heal Bell|p2a: Miltank
|-cureteam|p2a: Miltank|[from] move: Heal Bell
|
|-heal|p1a: Zapdos|291\/383|[from] item: Leftovers
|-heal|p2a: Miltank|392\/393|[from] item: Leftovers
|upkeep
|turn|73
|choice|move thunder|switch 3
|
|switch|p2a: Raikou|Raikou|383\/383
|-damage|p2a: Raikou|336\/383|[from] Spikes
|move|p1a: Zapdos|Thunder|p2a: Raikou
|-resisted|p2a: Raikou
|-damage|p2a: Raikou|257\/383
|
|-heal|p2a: Raikou|280\/383|[from] item: Leftovers
|-heal|p1a: Zapdos|314\/383|[from] item: Leftovers
|upkeep
|turn|74
|J|GreninjaWarrior21
|choice|move thunder|move reflect
|
|move|p2a: Raikou|Reflect|p2a: Raikou
|-sidestart|p2: HJAD|Reflect
|move|p1a: Zapdos|Thunder|p2a: Raikou|[miss]
|-miss|p1a: Zapdos|p2a: Raikou
|
|-heal|p2a: Raikou|303\/383|[from] item: Leftovers
|-heal|p1a: Zapdos|337\/383|[from] item: Leftovers
|upkeep
|turn|75
|choice|switch 5|move roar
|
|switch|p1a: Steelix|Steelix, M|353\/353
|move|p2a: Raikou|Roar|p1a: Steelix
|drag|p1a: Zapdos|Zapdos|337\/383
|
|-heal|p2a: Raikou|326\/383|[from] item: Leftovers
|-heal|p1a: Zapdos|360\/383|[from] item: Leftovers
|upkeep
|turn|76
|choice|move thunder|move thunder
|
|move|p2a: Raikou|Thunder|p1a: Zapdos|[miss]
|-miss|p2a: Raikou|p1a: Zapdos
|move|p1a: Zapdos|Thunder|p2a: Raikou|[miss]
|-miss|p1a: Zapdos|p2a: Raikou
|
|-heal|p2a: Raikou|349\/383|[from] item: Leftovers
|-heal|p1a: Zapdos|383\/383|[from] item: Leftovers
|upkeep
|turn|77
|choice|switch 5|move thunder
|
|switch|p1a: Steelix|Steelix, M|353\/353
|move|p2a: Raikou|Thunder|p1a: Steelix
|-immune|p1a: Steelix|[msg]
|
|-heal|p2a: Raikou|372\/383|[from] item: Leftovers
|upkeep
|turn|78
|choice|switch 5|move thunder
|
|switch|p1a: Zapdos|Zapdos|383\/383
|move|p2a: Raikou|Thunder|p1a: Zapdos|[miss]
|-miss|p2a: Raikou|p1a: Zapdos
|
|-heal|p2a: Raikou|383\/383|[from] item: Leftovers
|-sideend|p2: HJAD|Reflect
|upkeep
|turn|79
|choice|switch 5|move reflect
|
|switch|p1a: Steelix|Steelix, M|353\/353
|move|p2a: Raikou|Reflect|p2a: Raikou
|-sidestart|p2: HJAD|Reflect
|
|upkeep
|turn|80
|choice|move curse|move thunder
|
|move|p2a: Raikou|Thunder|p1a: Steelix
|-immune|p1a: Steelix|[msg]
|move|p1a: Steelix|Curse|p1a: Steelix
|-unboost|p1a: Steelix|spe|1
|-boost|p1a: Steelix|atk|1
|-boost|p1a: Steelix|def|1
|
|upkeep
|turn|81
|choice|move roar|switch 5
|
|switch|p2a: Suicune|Suicune|400\/403
|-damage|p2a: Suicune|350\/403|[from] Spikes
|move|p1a: Steelix|Roar|p2a: Suicune
|drag|p2a: Skarmory|Skarmory, M|333\/333
|
|upkeep
|turn|82
|choice|move curse|move whirlwind
|
|move|p1a: Steelix|Curse|p1a: Steelix
|-unboost|p1a: Steelix|spe|1
|-boost|p1a: Steelix|atk|1
|-boost|p1a: Steelix|def|1
|move|p2a: Skarmory|Whirlwind|p1a: Steelix
|drag|p1a: Zapdos|Zapdos|383\/383
|
|upkeep
|turn|83
|J|w^e^l^l^i^o^u
|choice|switch 5|switch 5
|
|switch|p1a: Steelix|Steelix, M|353\/353
|switch|p2a: Raikou|Raikou|383\/383
|-damage|p2a: Raikou|336\/383|[from] Spikes
|
|-heal|p2a: Raikou|359\/383|[from] item: Leftovers
|-sideend|p2: HJAD|Reflect
|upkeep
|turn|84
|J|Mr.378
|choice|move curse|switch 5
|
|switch|p2a: Skarmory|Skarmory, M|333\/333
|move|p1a: Steelix|Curse|p1a: Steelix
|-unboost|p1a: Steelix|spe|1
|-boost|p1a: Steelix|atk|1
|-boost|p1a: Steelix|def|1
|
|upkeep
|turn|85
|choice|move roar|move whirlwind
|
|move|p2a: Skarmory|Whirlwind|p1a: Steelix
|-fail|p1a: Steelix
|move|p1a: Steelix|Roar|p2a: Skarmory
|drag|p2a: Suicune|Suicune|350\/403
|-damage|p2a: Suicune|300\/403|[from] Spikes
|
|-heal|p2a: Suicune|325\/403|[from] item: Leftovers
|upkeep
|turn|86
|choice|switch 5|switch 6
|
|switch|p2a: Skarmory|Skarmory, M|333\/333
|switch|p1a: Zapdos|Zapdos|383\/383
|
|upkeep
|turn|87
|choice|switch 5|switch 5
|
|switch|p1a: Steelix|Steelix, M|353\/353
|switch|p2a: Raikou|Raikou|359\/383
|-damage|p2a: Raikou|312\/383|[from] Spikes
|
|-heal|p2a: Raikou|335\/383|[from] item: Leftovers
|upkeep
|turn|88
|L|w^e^l^l^i^o^u
|J|hamhamhamham
|choice|move earthquake|move reflect
|
|move|p2a: Raikou|Reflect|p2a: Raikou
|-sidestart|p2: HJAD|Reflect
|move|p1a: Steelix|Earthquake|p2a: Raikou
|-supereffective|p2a: Raikou
|-damage|p2a: Raikou|208\/383
|
|-heal|p2a: Raikou|231\/383|[from] item: Leftovers
|upkeep
|turn|89
|choice|move earthquake|switch 6
|
|switch|p2a: Suicune|Suicune|325\/403
|-damage|p2a: Suicune|275\/403|[from] Spikes
|move|p1a: Steelix|Earthquake|p2a: Suicune
|-damage|p2a: Suicune|227\/403
|
|-heal|p2a: Suicune|252\/403|[from] item: Leftovers
|upkeep
|turn|90
|choice|switch 5|move icebeam
|
|switch|p1a: Zapdos|Zapdos|383\/383
|move|p2a: Suicune|Ice Beam|p1a: Zapdos
|-supereffective|p1a: Zapdos
|-damage|p1a: Zapdos|224\/383
|
|-heal|p1a: Zapdos|247\/383|[from] item: Leftovers
|-heal|p2a: Suicune|277\/403|[from] item: Leftovers
|upkeep
|turn|91
|choice|move thunder|switch 6
|
|switch|p2a: Raikou|Raikou|231\/383
|-damage|p2a: Raikou|184\/383|[from] Spikes
|move|p1a: Zapdos|Thunder|p2a: Raikou
|-resisted|p2a: Raikou
|-damage|p2a: Raikou|96\/383
|
|-heal|p2a: Raikou|119\/383|[from] item: Leftovers
|-heal|p1a: Zapdos|270\/383|[from] item: Leftovers
|upkeep
|turn|92
|J|FINCHINATOR
|J|Omfuga
|choice|switch 4|move rest
|
|switch|p1a: Jynx|Jynx, F|315\/333
|move|p2a: Raikou|Rest|p2a: Raikou
|-status|p2a: Raikou|slp
|-heal|p2a: Raikou|383\/383 slp|[silent]
|-status|p2a: Raikou|slp|[from] move: Rest
|
|-heal|p1a: Jynx|333\/333|[from] item: Leftovers
|-sideend|p2: HJAD|Reflect
|upkeep
|turn|93
|choice|move substitute|switch 6
|
|switch|p2a: Suicune|Suicune|277\/403
|-damage|p2a: Suicune|227\/403|[from] Spikes
|move|p1a: Jynx|Substitute|p1a: Jynx
|-start|p1a: Jynx|Substitute
|-damage|p1a: Jynx|250\/333
|
|-heal|p1a: Jynx|270\/333|[from] item: Leftovers
|-heal|p2a: Suicune|252\/403|[from] item: Leftovers
|upkeep
|turn|94
|choice|move psychic|move sleeptalk
|
|move|p1a: Jynx|Psychic|p2a: Suicune
|-damage|p2a: Suicune|151\/403
|move|p2a: Suicune|Sleep Talk|p2a: Suicune
|-fail|p2a: Suicune
|
|-heal|p1a: Jynx|290\/333|[from] item: Leftovers
|-heal|p2a: Suicune|176\/403|[from] item: Leftovers
|upkeep
|turn|95
|choice|move lovelykiss|move rest
|
|move|p1a: Jynx|Lovely Kiss|p2a: Suicune
|-status|p2a: Suicune|slp
|cant|p2a: Suicune|slp
|
|-heal|p1a: Jynx|310\/333|[from] item: Leftovers
|-heal|p2a: Suicune|201\/403 slp|[from] item: Leftovers
|upkeep
|turn|96
|choice|move psychic|move sleeptalk
|
|move|p1a: Jynx|Psychic|p2a: Suicune
|-damage|p2a: Suicune|96\/403 slp
|cant|p2a: Suicune|slp
|move|p2a: Suicune|Sleep Talk|p2a: Suicune
|move|p2a: Suicune|Ice Beam|p1a: Jynx|[from]Sleep Talk
|-resisted|p1a: Jynx
|-activate|p1a: Jynx|Substitute|[damage]
|
|-heal|p1a: Jynx|330\/333|[from] item: Leftovers
|-heal|p2a: Suicune|121\/403 slp|[from] item: Leftovers
|upkeep
|turn|97
|J|blinkboy
|choice|move psychic|move sleeptalk
|
|move|p1a: Jynx|Psychic|p2a: Suicune
|-damage|p2a: Suicune|16\/403 slp
|cant|p2a: Suicune|slp
|move|p2a: Suicune|Sleep Talk|p2a: Suicune
|move|p2a: Suicune|Rest|p2a: Suicune|[from]Sleep Talk
|-heal|p2a: Suicune|403\/403 slp|[silent]
|-status|p2a: Suicune|slp|[from] move: Rest
|
|-heal|p1a: Jynx|333\/333|[from] item: Leftovers
|upkeep
|turn|98
|L|Empo
|choice|move psychic|move surf
|
|move|p1a: Jynx|Psychic|p2a: Suicune
|-damage|p2a: Suicune|290\/403 slp
|cant|p2a: Suicune|slp
|
|-heal|p2a: Suicune|315\/403 slp|[from] item: Leftovers
|upkeep
|turn|99
|choice|move psychic|move surf
|
|move|p1a: Jynx|Psychic|p2a: Suicune
|-damage|p2a: Suicune|211\/403 slp
|cant|p2a: Suicune|slp
|
|-heal|p2a: Suicune|236\/403 slp|[from] item: Leftovers
|upkeep
|turn|100
|choice|move icebeam|move rest
|
|move|p1a: Jynx|Ice Beam|p2a: Suicune
|-resisted|p2a: Suicune
|-damage|p2a: Suicune|177\/403 slp
|-curestatus|p2a: Suicune|slp|[msg]
|move|p2a: Suicune|Rest|p2a: Suicune
|-status|p2a: Suicune|slp
|-heal|p2a: Suicune|403\/403 slp|[silent]
|-status|p2a: Suicune|slp|[from] move: Rest
|
|upkeep
|turn|101
|J|Empo ★_★
|choice|switch 6|move surf
|
|switch|p1a: Cloyster|Cloyster, M|85\/303
|cant|p2a: Suicune|slp
|
|-heal|p1a: Cloyster|103\/303|[from] item: Leftovers
|upkeep
|turn|102
|L|noveliss
|choice|move surf|switch 3
|
|switch|p2a: Miltank|Miltank, F|392\/393
|-damage|p2a: Miltank|343\/393|[from] Spikes
|move|p1a: Cloyster|Surf|p2a: Miltank
|-damage|p2a: Miltank|216\/393
|
|-heal|p2a: Miltank|240\/393|[from] item: Leftovers
|-heal|p1a: Cloyster|121\/303|[from] item: Leftovers
|upkeep
|turn|103
|J|MetalGro$$$$$$$$
|choice|move toxic|move bodyslam
|
|move|p2a: Miltank|Body Slam|p1a: Cloyster
|-damage|p1a: Cloyster|60\/303
|move|p1a: Cloyster|Toxic|p2a: Miltank
|-status|p2a: Miltank|tox
|
|-heal|p2a: Miltank|264\/393 tox|[from] item: Leftovers
|-heal|p1a: Cloyster|78\/303|[from] item: Leftovers
|upkeep
|turn|104
|L|FINCHINATOR
|choice|move explosion|move healbell
|
|move|p2a: Miltank|Heal Bell|p2a: Miltank
|-cureteam|p2a: Miltank|[from] move: Heal Bell
|move|p1a: Cloyster|Explosion|p2a: Miltank
|-damage|p2a: Miltank|0 fnt
|faint|p2a: Miltank
|faint|p1a: Cloyster
|choice|switch 6|switch 6
|
|switch|p2a: Raikou|Raikou|383\/383
|switch|p1a: Jynx|Jynx, F|333\/333
|-damage|p2a: Raikou|336\/383|[from] Spikes
|
|-heal|p2a: Raikou|359\/383|[from] item: Leftovers
|upkeep
|turn|105
|choice|switch 5|move reflect
|
|switch|p1a: Steelix|Steelix, M|353\/353
|move|p2a: Raikou|Reflect|p2a: Raikou
|-sidestart|p2: HJAD|Reflect
|
|-heal|p2a: Raikou|382\/383|[from] item: Leftovers
|upkeep
|turn|106
|choice|move roar|switch 3
|
|switch|p2a: Suicune|Suicune|403\/403
|-damage|p2a: Suicune|353\/403|[from] Spikes
|move|p1a: Steelix|Roar|p2a: Suicune
|drag|p2a: Raikou|Raikou|382\/383
|-damage|p2a: Raikou|335\/383|[from] Spikes
|
|-heal|p2a: Raikou|358\/383|[from] item: Leftovers
|upkeep
|turn|107
|choice|move curse|switch 5
|
|switch|p2a: Skarmory|Skarmory, M|333\/333
|move|p1a: Steelix|Curse|p1a: Steelix
|-unboost|p1a: Steelix|spe|1
|-boost|p1a: Steelix|atk|1
|-boost|p1a: Steelix|def|1
|
|upkeep
|turn|108
|choice|move curse|move whirlwind
|
|move|p1a: Steelix|Curse|p1a: Steelix
|-unboost|p1a: Steelix|spe|1
|-boost|p1a: Steelix|atk|1
|-boost|p1a: Steelix|def|1
|move|p2a: Skarmory|Whirlwind|p1a: Steelix
|drag|p1a: Zapdos|Zapdos|270\/383
|
|-heal|p1a: Zapdos|293\/383|[from] item: Leftovers
|upkeep
|turn|109
|choice|switch 4|switch 5
|
|switch|p1a: Steelix|Steelix, M|353\/353
|switch|p2a: Raikou|Raikou|358\/383
|-damage|p2a: Raikou|311\/383|[from] Spikes
|
|-heal|p2a: Raikou|334\/383|[from] item: Leftovers
|-sideend|p2: HJAD|Reflect
|upkeep
|turn|110
|choice|move curse|move reflect
|
|move|p2a: Raikou|Reflect|p2a: Raikou
|-sidestart|p2: HJAD|Reflect
|move|p1a: Steelix|Curse|p1a: Steelix
|-unboost|p1a: Steelix|spe|1
|-boost|p1a: Steelix|atk|1
|-boost|p1a: Steelix|def|1
|
|-heal|p2a: Raikou|357\/383|[from] item: Leftovers
|upkeep
|turn|111
|choice|move roar|switch 5
|
|switch|p2a: Skarmory|Skarmory, M|333\/333
|move|p1a: Steelix|Roar|p2a: Skarmory
|drag|p2a: Raikou|Raikou|357\/383
|-damage|p2a: Raikou|310\/383|[from] Spikes
|
|-heal|p2a: Raikou|333\/383|[from] item: Leftovers
|upkeep
|turn|112
|choice|move roar|switch 5
|
|switch|p2a: Skarmory|Skarmory, M|333\/333
|move|p1a: Steelix|Roar|p2a: Skarmory
|drag|p2a: Raikou|Raikou|333\/383
|-damage|p2a: Raikou|286\/383|[from] Spikes
|
|-heal|p2a: Raikou|309\/383|[from] item: Leftovers
|upkeep
|turn|113
|choice|switch 4|move roar
|
|switch|p1a: Zapdos|Zapdos|293\/383
|move|p2a: Raikou|Roar|p1a: Zapdos
|drag|p1a: Jynx|Jynx, F|333\/333
|
|-heal|p2a: Raikou|332\/383|[from] item: Leftovers
|upkeep
|turn|114
|J|Kushalos
|choice|move lovelykiss|move thunder
|
|move|p2a: Raikou|Thunder|p1a: Jynx
|-damage|p1a: Jynx|166\/333
|move|p1a: Jynx|Lovely Kiss|p2a: Raikou
|-status|p2a: Raikou|slp
|
|-heal|p2a: Raikou|355\/383 slp|[from] item: Leftovers
|-heal|p1a: Jynx|186\/333|[from] item: Leftovers
|-sideend|p2: HJAD|Reflect
|upkeep
|turn|115
|choice|move psychic|switch 3
|
|switch|p2a: Suicune|Suicune|353\/403
|-damage|p2a: Suicune|303\/403|[from] Spikes
|move|p1a: Jynx|Psychic|p2a: Suicune
|-damage|p2a: Suicune|190\/403
|
|-heal|p1a: Jynx|206\/333|[from] item: Leftovers
|-heal|p2a: Suicune|215\/403|[from] item: Leftovers
|upkeep
|turn|116
|J|noveliss
|choice|move psychic|move rest
|
|move|p1a: Jynx|Psychic|p2a: Suicune
|-crit|p2a: Suicune
|-damage|p2a: Suicune|0 fnt
|faint|p2a: Suicune
|choice||switch 5
|
|switch|p2a: Skarmory|Skarmory, M|333\/333
|
|-heal|p1a: Jynx|226\/333|[from] item: Leftovers
|upkeep
|turn|117
|choice|switch 5|move drillpeck
|
|switch|p1a: Zapdos|Zapdos|293\/383
|move|p2a: Skarmory|Drill Peck|p1a: Zapdos
|-resisted|p1a: Zapdos
|-damage|p1a: Zapdos|244\/383
|
|-heal|p1a: Zapdos|267\/383|[from] item: Leftovers
|upkeep
|turn|118
|choice|move thunder|switch 3
|
|switch|p2a: Raikou|Raikou|355\/383 slp
|-damage|p2a: Raikou|308\/383 slp|[from] Spikes
|move|p1a: Zapdos|Thunder|p2a: Raikou|[miss]
|-miss|p1a: Zapdos|p2a: Raikou
|
|-heal|p2a: Raikou|331\/383 slp|[from] item: Leftovers
|-heal|p1a: Zapdos|290\/383|[from] item: Leftovers
|upkeep
|turn|119
|choice|switch 4|move reflect
|
|switch|p1a: Steelix|Steelix, M|353\/353
|cant|p2a: Raikou|slp
|
|-heal|p2a: Raikou|354\/383 slp|[from] item: Leftovers
|upkeep
|turn|120
|L|zf
|choice|move roar|switch 3
|
|switch|p2a: Skarmory|Skarmory, M|333\/333
|move|p1a: Steelix|Roar|p2a: Skarmory
|drag|p2a: Raikou|Raikou|354\/383 slp
|-damage|p2a: Raikou|307\/383 slp|[from] Spikes
|
|-heal|p2a: Raikou|330\/383 slp|[from] item: Leftovers
|upkeep
|turn|121
|choice|move roar|switch 3
|
|switch|p2a: Skarmory|Skarmory, M|333\/333
|move|p1a: Steelix|Roar|p2a: Skarmory
|drag|p2a: Raikou|Raikou|330\/383 slp
|-damage|p2a: Raikou|283\/383 slp|[from] Spikes
|
|-heal|p2a: Raikou|306\/383 slp|[from] item: Leftovers
|upkeep
|turn|122
|choice|move earthquake|switch 3
|
|switch|p2a: Skarmory|Skarmory, M|333\/333
|move|p1a: Steelix|Earthquake|p2a: Skarmory
|-immune|p2a: Skarmory|[msg]
|
|upkeep
|turn|123
|choice|move curse|switch 3
|
|switch|p2a: Raikou|Raikou|306\/383 slp
|-damage|p2a: Raikou|259\/383 slp|[from] Spikes
|move|p1a: Steelix|Curse|p1a: Steelix
|-unboost|p1a: Steelix|spe|1
|-boost|p1a: Steelix|atk|1
|-boost|p1a: Steelix|def|1
|
|-heal|p2a: Raikou|282\/383 slp|[from] item: Leftovers
|upkeep
|turn|124
|choice|move earthquake|switch 3
|
|switch|p2a: Skarmory|Skarmory, M|333\/333
|move|p1a: Steelix|Earthquake|p2a: Skarmory
|-immune|p2a: Skarmory|[msg]
|
|upkeep
|turn|125
|choice|move roar|move whirlwind
|
|move|p2a: Skarmory|Whirlwind|p1a: Steelix
|-fail|p1a: Steelix
|move|p1a: Steelix|Roar|p2a: Skarmory
|drag|p2a: Raikou|Raikou|282\/383 slp
|-damage|p2a: Raikou|235\/383 slp|[from] Spikes
|
|-heal|p2a: Raikou|258\/383 slp|[from] item: Leftovers
|upkeep
|turn|126
|choice|move roar|switch 3
|
|switch|p2a: Skarmory|Skarmory, M|333\/333
|move|p1a: Steelix|Roar|p2a: Skarmory
|drag|p2a: Raikou|Raikou|258\/383 slp
|-damage|p2a: Raikou|211\/383 slp|[from] Spikes
|
|-heal|p2a: Raikou|234\/383 slp|[from] item: Leftovers
|upkeep
|turn|127
|choice|move roar|move reflect
|
|cant|p2a: Raikou|slp
|move|p1a: Steelix|Roar|p2a: Raikou
|drag|p2a: Skarmory|Skarmory, M|333\/333
|
|upkeep
|turn|128
|choice|move roar|move whirlwind
|
|move|p2a: Skarmory|Whirlwind|p1a: Steelix
|-fail|p1a: Steelix
|move|p1a: Steelix|Roar|p2a: Skarmory
|drag|p2a: Raikou|Raikou|234\/383 slp
|-damage|p2a: Raikou|187\/383 slp|[from] Spikes
|
|-heal|p2a: Raikou|210\/383 slp|[from] item: Leftovers
|upkeep
|turn|129
|choice|move roar|move roar
|
|cant|p2a: Raikou|slp
|move|p1a: Steelix|Roar|p2a: Raikou
|drag|p2a: Skarmory|Skarmory, M|333\/333
|
|upkeep
|turn|130
|J|trappinincurrents
|choice|move roar|move whirlwind
|
|move|p2a: Skarmory|Whirlwind|p1a: Steelix
|-fail|p1a: Steelix
|move|p1a: Steelix|Roar|p2a: Skarmory
|drag|p2a: Raikou|Raikou|210\/383 slp
|-damage|p2a: Raikou|163\/383 slp|[from] Spikes
|
|-heal|p2a: Raikou|186\/383 slp|[from] item: Leftovers
|upkeep
|turn|131
|choice|move roar|switch 3
|
|switch|p2a: Skarmory|Skarmory, M|333\/333
|move|p1a: Steelix|Roar|p2a: Skarmory
|drag|p2a: Raikou|Raikou|186\/383 slp
|-damage|p2a: Raikou|139\/383 slp|[from] Spikes
|
|-heal|p2a: Raikou|162\/383 slp|[from] item: Leftovers
|upkeep
|turn|132
|choice|move earthquake|move rest
|
|cant|p2a: Raikou|slp
|move|p1a: Steelix|Earthquake|p2a: Raikou
|-supereffective|p2a: Raikou
|-damage|p2a: Raikou|0 fnt
|faint|p2a: Raikou
|choice||switch 3
|
|switch|p2a: Skarmory|Skarmory, M|333\/333
|
|upkeep
|turn|133
|c|☆Luigi|gg
|c|☆HJAD|gg
|choice|move curse|move curse
|
|move|p2a: Skarmory|Curse|p2a: Skarmory
|-unboost|p2a: Skarmory|spe|1
|-boost|p2a: Skarmory|atk|1
|-boost|p2a: Skarmory|def|1
|move|p1a: Steelix|Curse|p1a: Steelix
|-unboost|p1a: Steelix|spe|1
|-boost|p1a: Steelix|atk|1
|-boost|p1a: Steelix|def|1
|
|upkeep
|turn|134
|choice|move explosion|move curse
|
|move|p2a: Skarmory|Curse|p2a: Skarmory
|-unboost|p2a: Skarmory|spe|1
|-boost|p2a: Skarmory|atk|1
|-boost|p2a: Skarmory|def|1
|move|p1a: Steelix|Explosion|p2a: Skarmory
|-resisted|p2a: Skarmory
|-damage|p2a: Skarmory|198\/333
|faint|p1a: Steelix
|choice|switch 4|
|
|switch|p1a: Zapdos|Zapdos|290\/383
|
|-heal|p1a: Zapdos|313\/383|[from] item: Leftovers
|-heal|p2a: Skarmory|218\/333|[from] item: Leftovers
|upkeep
|turn|135
|J|Do u ringo
|choice|move thunder|move drillpeck
|
|move|p1a: Zapdos|Thunder|p2a: Skarmory|[miss]
|-miss|p1a: Zapdos|p2a: Skarmory
|move|p2a: Skarmory|Drill Peck|p1a: Zapdos
|-resisted|p1a: Zapdos
|-damage|p1a: Zapdos|218\/383
|
|-heal|p1a: Zapdos|241\/383|[from] item: Leftovers
|-heal|p2a: Skarmory|238\/333|[from] item: Leftovers
|upkeep
|turn|136
|choice|move thunder|move drillpeck
|
|move|p1a: Zapdos|Thunder|p2a: Skarmory
|-supereffective|p2a: Skarmory
|-damage|p2a: Skarmory|0 fnt
|faint|p2a: Skarmory
|
|win|Luigi
|L|giara ★_★
|L|HJAD
|L|Luigi
|L|Do u ringo
|L|Roro
|L|MetalGro$$$$$$$$</script>
</div>
<div class="battle-log battle-log-inline"><div class="inner"><div class="battle-options"></div><div class="inner"><div class="chat message-error">Battle timer is ON: inactive players will automatically lose when time's up.</div><div class=""><small>Format:</small> <br><strong>[Gen 2] OU</strong></div><div class=""><small><em>Sleep Clause Mod:</em> Limit one foe put to sleep</small></div><div class=""><small><em>Species Clause:</em> Limit one of each Pokémon</small></div><div class=""><small><em>OHKO Clause:</em> OHKO moves are banned</small></div><div class=""><small><em>Evasion Moves Clause:</em> Evasion moves are banned</small></div><div class=""><small><em>HP Percentage Mod:</em> HP is shown in percentages</small></div><div class="spacer battle-history"><br></div><div class="battle-history">Battle started between Luigi and HJAD!<br></div><div class="spacer battle-history"><br></div><div class="battle-history">Go! <strong>Zapdos</strong>!<br></div><div class="spacer battle-history"><br></div><div class="battle-history">HJAD sent out <strong>Raikou</strong>!<br></div><div class="spacer battle-history"><br></div><h2 class="battle-history">Turn 1</h2><div class="chat chatmessage-hjad"><strong style="color:#808e15"><small>☆</small><span class="username" data-name="HJAD">HJAD</span>:</strong> <em>gl hf</em></div><div class="spacer battle-history"><br></div><div class="battle-history">Zapdos, come back!<br></div><div class="battle-history">Go! <strong>Steelix</strong>!<br></div><div class="spacer battle-history"><br></div><div class="battle-history">The opposing Raikou used <strong>Reflect</strong>!<br></div><div class="battle-history"><small>Reflect made the opposing team stronger against physical moves!</small><br></div><div class="spacer battle-history"><br></div><h2 class="battle-history">Turn 2</h2><div class="spacer battle-history"><br></div><div class="battle-history">HJAD withdrew Raikou!<br></div><div class="battle-history">HJAD sent out <strong>Starmie</strong>!<br></div><div class="spacer battle-history"><br></div><div class="battle-history">Steelix used <strong>Earthquake</strong>!<br></div><div class="battle-history"><small>(The opposing Starmie lost <abbr title="−66/323">20.4%</abbr> of its health!)</small><br></div><div class="spacer battle-history"><br></div><div class="battle-history"><small>The opposing Starmie restored a little HP using its Leftovers!</small><br></div><div class="spacer battle-history"><br></div><h2 class="battle-history">Turn 3</h2><div class="spacer battle-history"><br></div><div class="battle-history">Steelix, come back!<br></div><div class="battle-history">Go! <strong>Zapdos</strong>!<br></div><div class="spacer battle-history"><br></div><div class="battle-history">The opposing Starmie used <strong>Toxic</strong>!<br></div><div class="battle-history"><small>Zapdos was badly poisoned!</small><br></div><div class="spacer battle-history"><br></div><div class="battle-history"><small>The opposing Starmie restored a little HP using its Leftovers!</small><br></div><div class="spacer battle-history"><br></div><h2 class="battle-history">Turn 4</h2><div class="spacer battle-history"><br></div><div class="battle-history">HJAD withdrew Starmie!<br></div><div class="battle-history">HJAD sent out <strong>Raikou</strong>!<br></div><div class="spacer battle-history"><br></div><div class="battle-history">Zapdos used <strong>Thunder</strong>!<br></div><div class="battle-history"><small>The opposing Raikou avoided the attack!</small><br></div><div class="battle-history"><small>Zapdos was hurt by poison!</small><br></div><div class="spacer battle-history"><br></div><div class="battle-history"><small>Zapdos restored a little HP using its Leftovers!</small><br></div><div class="spacer battle-history"><br></div><h2 class="battle-history">Turn 5</h2><div class="spacer battle-history"><br></div><div class="battle-history">Zapdos, come back!<br></div><div class="battle-history">Go! <strong>Steelix</strong>!<br></div><div class="spacer battle-history"><br></div><div class="battle-history">The opposing Raikou used <strong>Roar</strong>!<br></div><div class="spacer battle-history"><br></div><div class="battle-history"><strong>Cloyster</strong> was dragged out!<br></div><div class="spacer battle-history"><br></div><div class="battle-history"><small>The opposing team's Reflect wore off!</small><br></div><div class="spacer battle-history"><br></div><h2 class="battle-history">Turn 6</h2><div class="spacer battle-history"><br></div><div class="battle-history">Cloyster, come back!<br></div><div class="battle-history">Go! <strong>Steelix</strong>!<br></div><div class="spacer battle-history"><br></div><div class="battle-history">The opposing Raikou used <strong>Reflect</strong>!<br></div><div class="battle-history"><small>Reflect made the opposing team stronger against physical moves!</small><br></div><div class="spacer battle-history"><br></div><h2 class="battle-history">Turn 7</h2><div class="spacer battle-history"><br></div><div class="battle-history">HJAD withdrew Raikou!<br></div><div class="battle-history">HJAD sent out <strong>Suicune</strong>!<br></div><div class="spacer battle-history"><br></div><div class="battle-history">Steelix used <strong>Earthquake</strong>!<br></div><div class="battle-history"><small>(The opposing Suicune lost <abbr title="−53/403">13.2%</abbr> of its health!)</small><br></div><div class="spacer battle-history"><br></div><div class="battle-history"><small>The opposing Suicune restored a little HP using its Leftovers!</small><br></div><div class="spacer battle-history"><br></div><h2 class="battle-history">Turn 8</h2><div class="spacer battle-history"><br></div><div class="battle-history">Steelix, come back!<br></div><div class="battle-history">Go! <strong>Cloyster</strong>!<br></div><div class="spacer battle-history"><br></div><div class="battle-history">The opposing Suicune used <strong>Ice Beam</strong>!<br></div><div class="battle-history"><small>It's not very effective...</small><br></div><div class="battle-history"><small>(Cloyster lost <abbr title="−27/303">8.9%</abbr> of its health!)</small><br></div><div class="spacer battle-history"><br></div><div class="battle-history"><small>The opposing Suicune restored a little HP using its Leftovers!</small><br></div><div class="battle-history"><small>Cloyster restored a little HP using its Leftovers!</small><br></div><div class="spacer battle-history"><br></div><h2 class="battle-history">Turn 9</h2><div class="spacer battle-history"><br></div><div class="battle-history">HJAD withdrew Suicune!<br></div><div class="battle-history">HJAD sent out <strong>Starmie</strong>!<br></div><div class="spacer battle-history"><br></div><div class="battle-history">Cloyster used <strong>Spikes</strong>!<br></div><div class="battle-history"><small>Spikes were scattered on the ground all around the opposing team!</small><br></div><div class="spacer battle-history"><br></div><div class="battle-history"><small>The opposing Starmie restored a little HP using its Leftovers!</small><br></div><div class="battle-history"><small>Cloyster restored a little HP using its Leftovers!</small><br></div><div class="spacer battle-history"><br></div><h2 class="battle-history">Turn 10</h2><div class="spacer battle-history"><br></div><div class="battle-history">The opposing Starmie used <strong>Rapid Spin</strong>!<br></div><div class="battle-history"><small>(Cloyster lost <abbr title="−10/303">3.3%</abbr> of its health!)</small><br></div><div class="battle-history"><small>The spikes disappeared from the ground around the opposing team!</small><br></div><div class="spacer battle-history"><br></div><div class="battle-history">Cloyster used <strong>Toxic</strong>!<br></div><div class="battle-history"><small>The opposing Starmie was badly poisoned!</small><br></div><div class="spacer battle-history"><br></div><div class="battle-history"><small>The opposing Starmie restored a little HP using its Leftovers!</small><br></div><div class="battle-history"><small>Cloyster restored a little HP using its Leftovers!</small><br></div><div class="battle-history"><small>The opposing team's Reflect wore off!</small><br></div><div class="spacer battle-history"><br></div><h2 class="battle-history">Turn 11</h2><div class="spacer battle-history"><br></div><div class="battle-history">Cloyster, come back!<br></div><div class="battle-history">Go! <strong>Zapdos</strong>!<br></div><div class="battle-history"><small>Zapdos was poisoned!</small><br></div><div class="battle-history"><small>Zapdos was hurt by poison!</small><br></div><div class="spacer battle-history"><br></div><div class="battle-history">The opposing Starmie used <strong>Toxic</strong>!<br></div><div class="battle-history"><small>But it failed!</small><br></div><div class="battle-history"><small>The opposing Starmie was hurt by poison!</small><br></div><div class="spacer battle-history"><br></div><div class="battle-history"><small>The opposing Starmie restored a little HP using its Leftovers!</small><br></div><div class="battle-history"><small>Zapdos restored a little HP using its Leftovers!</small><br></div><div class="spacer battle-history"><br></div><h2 class="battle-history">Turn 12</h2><div class="spacer battle-history"><br></div><div class="battle-history">HJAD withdrew Starmie!<br></div><div class="battle-history">HJAD sent out <strong>Raikou</strong>!<br></div><div class="spacer battle-history"><br></div><div class="battle-history">Zapdos used <strong>Thunder</strong>!<br></div><div class="battle-history"><small>The opposing Raikou avoided the attack!</small><br></div><div class="battle-history"><small>Zapdos was hurt by poison!</small><br></div><div class="spacer battle-history"><br></div><div class="battle-history"><small>Zapdos restored a little HP using its Leftovers!</small><br></div><div class="spacer battle-history"><br></div><h2 class="battle-history">Turn 13</h2><div class="spacer battle-history"><br></div><div class="battle-history">Zapdos, come back!<br></div><div class="battle-history">Go! <strong>Steelix</strong>!<br></div><div class="spacer battle-history"><br></div><div class="battle-history">The opposing Raikou used <strong>Reflect</strong>!<br></div><div class="battle-history"><small>Reflect made the opposing team stronger against physical moves!</small><br></div><div class="spacer battle-history"><br></div><h2 class="battle-history">Turn 14</h2><div class="spacer battle-history"><br></div><div class="battle-history">The opposing Raikou used <strong>Thunder</strong>!<br></div><div class="battle-history"><small>It doesn't affect Steelix...</small><br></div><div class="spacer battle-history"><br></div><div class="battle-history">Steelix used <strong>Earthquake</strong>!<br></div><div class="battle-history"><small>It's super effective!</small><br></div><div class="battle-history"><small>(The opposing Raikou lost <abbr title="−129/383">33.7%</abbr> of its health!)</small><br></div><div class="spacer battle-history"><br></div><div class="battle-history"><small>The opposing Raikou restored a little HP using its Leftovers!</small><br></div><div class="spacer battle-history"><br></div><h2 class="battle-history">Turn 15</h2><div class="spacer battle-history"><br></div><div class="battle-history">HJAD withdrew Raikou!<br></div><div class="battle-history">HJAD sent out <strong>Suicune</strong>!<br></div><div class="spacer battle-history"><br></div><div class="battle-history">Steelix used <strong>Earthquake</strong>!<br></div><div class="battle-history"><small>(The opposing Suicune lost <abbr title="−50/403">12.4%</abbr> of its health!)</small><br></div><div class="spacer battle-history"><br></div><div class="battle-history"><small>The opposing Suicune restored a little HP using its Leftovers!</small><br></div><div class="spacer battle-history"><br></div><h2 class="battle-history">Turn 16</h2><div class="spacer battle-history"><br></div><div class="battle-history">Steelix, come back!<br></div><div class="battle-history">Go! <strong>Cloyster</strong>!<br></div><div class="spacer battle-history"><br></div><div class="battle-history">The opposing Suicune used <strong>Surf</strong>!<br></div><div class="battle-history"><small>It's not very effective...</small><br></div><div class="battle-history"><small>(Cloyster lost <abbr title="−80/303">26.4%</abbr> of its health!)</small><br></div><div class="spacer battle-history"><br></div><div class="battle-history"><small>The opposing Suicune restored a little HP using its Leftovers!</small><br></div><div class="battle-history"><small>Cloyster restored a little HP using its Leftovers!</small><br></div><div class="spacer battle-history"><br></div><h2 class="battle-history">Turn 17</h2><div class="spacer battle-history"><br></div><div class="battle-history">The opposing Suicune used <strong>Surf</strong>!<br></div><div class="battle-history"><small>It's not very effective...</small><br></div><div class="battle-history"><small>(Cloyster lost <abbr title="−78/303">25.7%</abbr> of its health!)</small><br></div><div class="spacer battle-history"><br></div><div class="battle-history">Cloyster used <strong>Spikes</strong>!<br></div><div class="battle-history"><small>Spikes were scattered on the ground all around the opposing team!</small><br></div><div class="spacer battle-history"><br></div><div class="battle-history"><small>The opposing Suicune restored a little HP using its Leftovers!</small><br></div><div class="battle-history"><small>Cloyster restored a little HP using its Leftovers!</small><br></div><div class="battle-history"><small>The opposing team's Reflect wore off!</small><br></div><div class="spacer battle-history"><br></div><h2 class="battle-history">Turn 18</h2><div class="spacer battle-history"><br></div><div class="battle-history">Cloyster, come back!<br></div><div class="battle-history">Go! <strong>Zapdos</strong>!<br></div><div class="battle-history"><small>Zapdos was hurt by poison!</small><br></div><div class="spacer battle-history"><br></div><div class="battle-history">The opposing Suicune used <strong>Ice Beam</strong>!<br></div><div class="battle-history"><small>It's super effective!</small><br></div><div class="battle-history"><small>(Zapdos lost <abbr title="−141/383">36.8%</abbr> of its health!)</small><br></div><div class="spacer battle-history"><br></div><div class="battle-history"><small>Zapdos restored a little HP using its Leftovers!</small><br></div><div class="spacer battle-history"><br></div><h2 class="battle-history">Turn 19</h2><div class="spacer battle-history"><br></div><div class="battle-history">Zapdos used <strong>Rest</strong>!<br></div><div class="battle-history"><small>Zapdos fell asleep!</small><br></div><div class="battle-history"><small>Zapdos slept and became healthy!</small><br></div><div class="spacer battle-history"><br></div><div class="battle-history">The opposing Suicune used <strong>Ice Beam</strong>!<br></div><div class="battle-history"><small>It's super effective!</small><br></div><div class="battle-history"><small>(Zapdos lost <abbr title="−159/383">41.5%</abbr> of its health!)</small><br></div><div class="spacer battle-history"><br></div><div class="battle-history"><small>Zapdos restored a little HP using its Leftovers!</small><br></div><div class="spacer battle-history"><br></div><h2 class="battle-history">Turn 20</h2><div class="spacer battle-history"><br></div><div class="battle-history">Zapdos, come back!<br></div><div class="battle-history">Go! <strong>Snorlax</strong>!<br></div><div class="spacer battle-history"><br></div><div class="battle-history">The opposing Suicune used <strong>Ice Beam</strong>!<br></div><div class="battle-history"><small>(Snorlax lost <abbr title="−69/523">13.2%</abbr> of its health!)</small><br></div><div class="spacer battle-history"><br></div><div class="battle-history"><small>Snorlax restored a little HP using its Leftovers!</small><br></div><div class="spacer battle-history"><br></div><h2 class="battle-history">Turn 21</h2><div class="spacer battle-history"><br></div><div class="battle-history">HJAD withdrew Suicune!<br></div><div class="battle-history">HJAD sent out <strong>Miltank</strong>!<br></div><div class="battle-history"><small>The opposing Miltank was hurt by the spikes!</small><br></div><div class="spacer battle-history"><br></div><div class="battle-history">Snorlax used <strong>Double-Edge</strong>!<br></div><div class="battle-history"><small>(The opposing Miltank lost <abbr title="−147/393">37.4%</abbr> of its health!)</small><br></div><div class="battle-history"><small>Snorlax was damaged by the recoil!</small><br></div><div class="spacer battle-history"><br></div><div class="battle-history"><small>The opposing Miltank restored a little HP using its Leftovers!</small><br></div><div class="battle-history"><small>Snorlax restored a little HP using its Leftovers!</small><br></div><div class="spacer battle-history"><br></div><h2 class="battle-history">Turn 22</h2><div class="spacer battle-history"><br></div><div class="battle-history">Snorlax, come back!<br></div><div class="battle-history">Go! <strong>Gengar</strong>!<br></div><div class="spacer battle-history"><br></div><div class="battle-history">The opposing Miltank used <strong>Milk Drink</strong>!<br></div><div class="battle-history"><small>The opposing Miltank had its HP restored.</small><br></div><div class="spacer battle-history"><br></div><h2 class="battle-history">Turn 23</h2><div class="spacer battle-history"><br></div><div class="battle-history">HJAD withdrew Miltank!<br></div><div class="battle-history">HJAD sent out <strong>Snorlax</strong>!<br></div><div class="battle-history"><small>The opposing Snorlax was hurt by the spikes!</small><br></div><div class="spacer battle-history"><br></div><div class="battle-history">Gengar used <strong>Dynamic Punch</strong>!<br></div><div class="battle-history"><small>The opposing Snorlax avoided the attack!</small><br></div><div class="spacer battle-history"><br></div><div class="battle-history"><small>The opposing Snorlax restored a little HP using its Leftovers!</small><br></div><div class="spacer battle-history"><br></div><h2 class="battle-history">Turn 24</h2><div class="spacer battle-history"><br></div><div class="battle-history">Gengar used <strong>Dynamic Punch</strong>!<br></div><div class="battle-history"><small>The opposing Snorlax avoided the attack!</small><br></div><div class="spacer battle-history"><br></div><div class="battle-history">The opposing Snorlax used <strong>Earthquake</strong>!<br></div><div class="battle-history"><small>It's super effective!</small><br></div><div class="battle-history"><small>(Gengar lost <abbr title="−211/323">65.3%</abbr> of its health!)</small><br></div><div class="spacer battle-history"><br></div><div class="battle-history"><small>Gengar restored a little HP using its Leftovers!</small><br></div><div class="battle-history"><small>The opposing Snorlax restored a little HP using its Leftovers!</small><br></div><div class="spacer battle-history"><br></div><h2 class="battle-history">Turn 25</h2><div class="spacer battle-history"><br></div><div class="battle-history">Gengar, come back!<br></div><div class="battle-history">Go! <strong>Snorlax</strong>!<br></div><div class="spacer battle-history"><br></div><div class="battle-history">The opposing Snorlax used <strong>Earthquake</strong>!<br></div><div class="battle-history"><small>(Snorlax lost <abbr title="−104/523">19.9%</abbr> of its health!)</small><br></div><div class="spacer battle-history"><br></div><div class="battle-history"><small>Snorlax restored a little HP using its Leftovers!</small><br></div><div class="battle-history"><small>The opposing Snorlax restored a little HP using its Leftovers!</small><br></div><div class="spacer battle-history"><br></div><h2 class="battle-history">Turn 26</h2><div class="spacer battle-history"><br></div><div class="battle-history">The opposing Snorlax used <strong>Return</strong>!<br></div><div class="battle-history"><small>(Snorlax lost <abbr title="−172/523">32.9%</abbr> of its health!)</small><br></div><div class="spacer battle-history"><br></div><div class="battle-history">Snorlax used <strong>Double-Edge</strong>!<br></div><div class="battle-history"><small>(The opposing Snorlax lost <abbr title="−192/523">36.7%</abbr> of its health!)</small><br></div><div class="battle-history"><small>Snorlax was damaged by the recoil!</small><br></div><div class="spacer battle-history"><br></div><div class="battle-history"><small>Snorlax restored a little HP using its Leftovers!</small><br></div><div class="battle-history"><small>The opposing Snorlax restored a little HP using its Leftovers!</small><br></div><div class="spacer battle-history"><br></div><h2 class="battle-history">Turn 27</h2><div class="spacer battle-history"><br></div><div class="battle-history">The opposing Snorlax used <strong>Return</strong>!<br></div><div class="battle-history"><small>(Snorlax lost <abbr title="−179/523">34.2%</abbr> of its health!)</small><br></div><div class="spacer battle-history"><br></div><div class="battle-history">Snorlax used <strong>Self-Destruct</strong>!<br></div><div class="battle-history"><small>(The opposing Snorlax lost <abbr title="−363/523">69.4%</abbr> of its health!)</small><br></div><div class="spacer battle-history"><br></div><div class="battle-history">The opposing Snorlax fainted!<br></div><div class="battle-history">Snorlax fainted!<br></div><div class="spacer battle-history"><br></div><div class="battle-history">Go! <strong>Jynx</strong>!<br></div><div class="spacer battle-history"><br></div><div class="battle-history">HJAD sent out <strong>Suicune</strong>!<br></div><div class="battle-history"><small>The opposing Suicune was hurt by the spikes!</small><br></div><div class="spacer battle-history"><br></div><div class="battle-history"><small>The opposing Suicune restored a little HP using its Leftovers!</small><br></div><div class="spacer battle-history"><br></div><h2 class="battle-history">Turn 28</h2><div class="spacer battle-history"><br></div><div class="battle-history">Jynx used <strong>Substitute</strong>!<br></div><div class="battle-history"><small>Jynx put in a substitute!</small><br></div><div class="battle-history"><small>(Jynx lost <abbr title="−83/333">24.9%</abbr> of its health!)</small><br></div><div class="spacer battle-history"><br></div><div class="battle-history">The opposing Suicune used <strong>Surf</strong>!<br></div><div class="battle-history"><small>A critical hit!</small><br></div><div class="battle-history"><small>Jynx's substitute faded!</small><br></div><div class="spacer battle-history"><br></div><div class="battle-history"><small>Jynx restored a little HP using its Leftovers!</small><br></div><div class="battle-history"><small>The opposing Suicune restored a little HP using its Leftovers!</small><br></div><div class="spacer battle-history"><br></div><h2 class="battle-history">Turn 29</h2><div class="spacer battle-history"><br></div><div class="battle-history">Jynx used <strong>Lovely Kiss</strong>!<br></div><div class="battle-history"><small>The opposing Suicune fell asleep!</small><br></div><div class="spacer battle-history"><br></div><div class="battle-history">The opposing Suicune is fast asleep.<br></div><div class="spacer battle-history"><br></div><div class="battle-history"><small>Jynx restored a little HP using its Leftovers!</small><br></div><div class="spacer battle-history"><br></div><h2 class="battle-history">Turn 30</h2><div class="spacer battle-history"><br></div><div class="battle-history">Jynx used <strong>Psychic</strong>!<br></div><div class="battle-history"><small>(The opposing Suicune lost <abbr title="−102/403">25.3%</abbr> of its health!)</small><br></div><div class="battle-history"><small>The opposing Suicune's Sp. Def fell!</small><br></div><div class="spacer battle-history"><br></div><div class="battle-history">The opposing Suicune is fast asleep.<br></div><div class="spacer battle-history"><br></div><div class="battle-history">The opposing Suicune used <strong>Sleep Talk</strong>!<br></div><div class="spacer battle-history"><br></div><div class="battle-history">The opposing Suicune used <strong>Rest</strong>!<br></div><div class="battle-history"><small>The opposing Suicune slept and became healthy!</small><br></div><div class="spacer battle-history"><br></div><div class="battle-history"><small>Jynx restored a little HP using its Leftovers!</small><br></div><div class="spacer battle-history"><br></div><h2 class="battle-history">Turn 31</h2><div class="spacer battle-history"><br></div><div class="battle-history">HJAD withdrew Suicune!<br></div><div class="battle-history">HJAD sent out <strong>Starmie</strong>!<br></div><div class="battle-history"><small>The opposing Starmie was poisoned!</small><br></div><div class="battle-history"><small>The opposing Starmie was hurt by the spikes!</small><br></div><div class="battle-history"><small>The opposing Starmie was hurt by poison!</small><br></div><div class="spacer battle-history"><br></div><div class="battle-history">Jynx used <strong>Psychic</strong>!<br></div><div class="battle-history"><small>It's not very effective...</small><br></div><div class="battle-history"><small>(The opposing Starmie lost <abbr title="−66/323">20.4%</abbr> of its health!)</small><br></div><div class="spacer battle-history"><br></div><div class="battle-history"><small>The opposing Starmie restored a little HP using its Leftovers!</small><br></div><div class="battle-history"><small>Jynx restored a little HP using its Leftovers!</small><br></div><div class="spacer battle-history"><br></div><h2 class="battle-history">Turn 32</h2><div class="spacer battle-history"><br></div><div class="battle-history">Jynx, come back!<br></div><div class="battle-history">Go! <strong>Gengar</strong>!<br></div><div class="spacer battle-history"><br></div><div class="battle-history">The opposing Starmie used <strong>Rapid Spin</strong>!<br></div><div class="battle-history"><small>It doesn't affect Gengar...</small><br></div><div class="battle-history"><small>The opposing Starmie was hurt by poison!</small><br></div><div class="spacer battle-history"><br></div><div class="battle-history"><small>The opposing Starmie restored a little HP using its Leftovers!</small><br></div><div class="battle-history"><small>Gengar restored a little HP using its Leftovers!</small><br></div><div class="spacer battle-history"><br></div><h2 class="battle-history">Turn 33</h2><div class="spacer battle-history"><br></div><div class="battle-history">HJAD withdrew Starmie!<br></div><div class="battle-history">HJAD sent out <strong>Raikou</strong>!<br></div><div class="battle-history"><small>The opposing Raikou was hurt by the spikes!</small><br></div><div class="spacer battle-history"><br></div><div class="battle-history">Gengar used <strong>Thunderbolt</strong>!<br></div><div class="battle-history"><small>It's not very effective...</small><br></div><div class="battle-history"><small>(The opposing Raikou lost <abbr title="−42/383">11.0%</abbr> of its health!)</small><br></div><div class="spacer battle-history"><br></div><div class="battle-history"><small>The opposing Raikou restored a little HP using its Leftovers!</small><br></div><div class="battle-history"><small>Gengar restored a little HP using its Leftovers!</small><br></div><div class="spacer battle-history"><br></div><h2 class="battle-history">Turn 34</h2><div class="spacer battle-history"><br></div><div class="battle-history">Gengar, come back!<br></div><div class="battle-history">Go! <strong>Steelix</strong>!<br></div><div class="spacer battle-history"><br></div><div class="battle-history">The opposing Raikou used <strong>Reflect</strong>!<br></div><div class="battle-history"><small>Reflect made the opposing team stronger against physical moves!</small><br></div><div class="spacer battle-history"><br></div><div class="battle-history"><small>The opposing Raikou restored a little HP using its Leftovers!</small><br></div><div class="spacer battle-history"><br></div><h2 class="battle-history">Turn 35</h2><div class="spacer battle-history"><br></div><div class="battle-history">HJAD withdrew Raikou!<br></div><div class="battle-history">HJAD sent out <strong>Miltank</strong>!<br></div><div class="battle-history"><small>The opposing Miltank was hurt by the spikes!</small><br></div><div class="spacer battle-history"><br></div><div class="battle-history">Steelix used <strong>Roar</strong>!<br></div><div class="spacer battle-history"><br></div><div class="battle-history"><strong>Suicune</strong> was dragged out!<br></div><div class="battle-history"><small>The opposing Suicune was hurt by the spikes!</small><br></div><div class="spacer battle-history"><br></div><div class="battle-history"><small>The opposing Suicune restored a little HP using its Leftovers!</small><br></div><div class="spacer battle-history"><br></div><h2 class="battle-history">Turn 36</h2><div class="spacer battle-history"><br></div><div class="battle-history">Steelix, come back!<br></div><div class="battle-history">Go! <strong>Zapdos</strong>!<br></div><div class="spacer battle-history"><br></div><div class="battle-history">The opposing Suicune is fast asleep.<br></div><div class="spacer battle-history"><br></div><div class="battle-history">The opposing Suicune used <strong>Sleep Talk</strong>!<br></div><div class="spacer battle-history"><br></div><div class="battle-history">The opposing Suicune used <strong>Rest</strong>!<br></div><div class="battle-history"><small>The opposing Suicune slept and became healthy!</small><br></div><div class="spacer battle-history"><br></div><div class="battle-history"><small>Zapdos restored a little HP using its Leftovers!</small><br></div><div class="spacer battle-history"><br></div><h2 class="battle-history">Turn 37</h2><div class="spacer battle-history"><br></div><div class="battle-history">HJAD withdrew Suicune!<br></div><div class="battle-history">HJAD sent out <strong>Raikou</strong>!<br></div><div class="battle-history"><small>The opposing Raikou was hurt by the spikes!</small><br></div><div class="spacer battle-history"><br></div><div class="battle-history">Zapdos is fast asleep.<br></div><div class="spacer battle-history"><br></div><div class="battle-history">Zapdos used <strong>Sleep Talk</strong>!<br></div><div class="spacer battle-history"><br></div><div class="battle-history">Zapdos used <strong>Rest</strong>!<br></div><div class="battle-history"><small>Zapdos slept and became healthy!</small><br></div><div class="spacer battle-history"><br></div><div class="battle-history"><small>The opposing Raikou restored a little HP using its Leftovers!</small><br></div><div class="spacer battle-history"><br></div><h2 class="battle-history">Turn 38</h2><div class="spacer battle-history"><br></div><div class="battle-history">HJAD withdrew Raikou!<br></div><div class="battle-history">HJAD sent out <strong>Suicune</strong>!<br></div><div class="battle-history"><small>The opposing Suicune was hurt by the spikes!</small><br></div><div class="spacer battle-history"><br></div><div class="battle-history">Zapdos is fast asleep.<br></div><div class="spacer battle-history"><br></div><div class="battle-history">Zapdos used <strong>Sleep Talk</strong>!<br></div><div class="spacer battle-history"><br></div><div class="battle-history">Zapdos used <strong>Thunder</strong>!<br></div><div class="battle-history"><small>It's super effective!</small><br></div><div class="battle-history"><small>(The opposing Suicune lost <abbr title="−318/403">78.9%</abbr> of its health!)</small><br></div><div class="spacer battle-history"><br></div><div class="battle-history"><small>The opposing Suicune restored a little HP using its Leftovers!</small><br></div><div class="battle-history"><small>The opposing team's Reflect wore off!</small><br></div><div class="spacer battle-history"><br></div><h2 class="battle-history">Turn 39</h2><div class="chat chatmessage-luigi"><strong style="color:#8f7428"><small>☆</small><span class="username" data-name="Luigi">Luigi</span>:</strong> <em>nice.</em></div><div class="spacer battle-history"><br></div><div class="battle-history">HJAD withdrew Suicune!<br></div><div class="battle-history">HJAD sent out <strong>Raikou</strong>!<br></div><div class="battle-history"><small>The opposing Raikou was hurt by the spikes!</small><br></div><div class="spacer battle-history"><br></div><div class="battle-history">Zapdos is fast asleep.<br></div><div class="spacer battle-history"><br></div><div class="battle-history">Zapdos used <strong>Sleep Talk</strong>!<br></div><div class="spacer battle-history"><br></div><div class="battle-history">Zapdos used <strong>Rest</strong>!<br></div><div class="battle-history"><small>But it failed!</small><br></div><div class="spacer battle-history"><br></div><div class="battle-history"><small>The opposing Raikou restored a little HP using its Leftovers!</small><br></div><div class="spacer battle-history"><br></div><h2 class="battle-history">Turn 40</h2><div class="spacer battle-history"><br></div><div class="battle-history">Zapdos, come back!<br></div><div class="battle-history">Go! <strong>Steelix</strong>!<br></div><div class="spacer battle-history"><br></div><div class="battle-history">The opposing Raikou used <strong>Rest</strong>!<br></div><div class="battle-history"><small>The opposing Raikou fell asleep!</small><br></div><div class="battle-history"><small>The opposing Raikou slept and became healthy!</small><br></div><div class="spacer battle-history"><br></div><h2 class="battle-history">Turn 41</h2><div class="spacer battle-history"><br></div><div class="battle-history">HJAD withdrew Raikou!<br></div><div class="battle-history">HJAD sent out <strong>Miltank</strong>!<br></div><div class="battle-history"><small>The opposing Miltank was hurt by the spikes!</small><br></div><div class="spacer battle-history"><br></div><div class="battle-history">Steelix used <strong>Earthquake</strong>!<br></div><div class="battle-history"><small>(The opposing Miltank lost <abbr title="−109/393">27.7%</abbr> of its health!)</small><br></div><div class="spacer battle-history"><br></div><div class="battle-history"><small>The opposing Miltank restored a little HP using its Leftovers!</small><br></div><div class="spacer battle-history"><br></div><h2 class="battle-history">Turn 42</h2><div class="spacer battle-history"><br></div><div class="battle-history">The opposing Miltank used <strong>Heal Bell</strong>!<br></div><div class="battle-history"><small>A bell chimed!</small><br></div><div class="spacer battle-history"><br></div><div class="battle-history">Steelix used <strong>Roar</strong>!<br></div><div class="spacer battle-history"><br></div><div class="battle-history"><strong>Suicune</strong> was dragged out!<br></div><div class="battle-history"><small>The opposing Suicune was hurt by the spikes!</small><br></div><div class="spacer battle-history"><br></div><div class="battle-history"><small>The opposing Suicune restored a little HP using its Leftovers!</small><br></div><div class="spacer battle-history"><br></div><h2 class="battle-history">Turn 43</h2><div class="spacer battle-history"><br></div><div class="battle-history">Steelix, come back!<br></div><div class="battle-history">Go! <strong>Zapdos</strong>!<br></div><div class="spacer battle-history"><br></div><div class="battle-history">The opposing Suicune used <strong>Rest</strong>!<br></div><div class="battle-history"><small>The opposing Suicune fell asleep!</small><br></div><div class="battle-history"><small>The opposing Suicune slept and became healthy!</small><br></div><div class="spacer battle-history"><br></div><h2 class="battle-history">Turn 44</h2><div class="spacer battle-history"><br></div><div class="battle-history">Zapdos, come back!<br></div><div class="battle-history">Go! <strong>Steelix</strong>!<br></div><div class="spacer battle-history"><br></div><div class="battle-history">HJAD withdrew Suicune!<br></div><div class="battle-history">HJAD sent out <strong>Raikou</strong>!<br></div><div class="battle-history"><small>The opposing Raikou was hurt by the spikes!</small><br></div><div class="spacer battle-history"><br></div><div class="battle-history"><small>The opposing Raikou restored a little HP using its Leftovers!</small><br></div><div class="spacer battle-history"><br></div><h2 class="battle-history">Turn 45</h2><div class="spacer battle-history"><br></div><div class="battle-history">HJAD withdrew Raikou!<br></div><div class="battle-history">HJAD sent out <strong>Skarmory</strong>!<br></div><div class="spacer battle-history"><br></div><div class="battle-history">Steelix used <strong>Curse</strong>!<br></div><div class="battle-history"><small>Steelix's Speed fell!</small><br></div><div class="battle-history"><small>Steelix's Attack rose!</small><br></div><div class="battle-history"><small>Steelix's Defense rose!</small><br></div><div class="spacer battle-history"><br></div><h2 class="battle-history">Turn 46</h2><div class="spacer battle-history"><br></div><div class="battle-history">The opposing Skarmory used <strong>Whirlwind</strong>!<br></div><div class="battle-history"><small>But it failed!</small><br></div><div class="spacer battle-history"><br></div><div class="battle-history">Steelix used <strong>Roar</strong>!<br></div><div class="spacer battle-history"><br></div><div class="battle-history"><strong>Starmie</strong> was dragged out!<br></div><div class="battle-history"><small>The opposing Starmie was hurt by the spikes!</small><br></div><div class="spacer battle-history"><br></div><div class="battle-history"><small>The opposing Starmie restored a little HP using its Leftovers!</small><br></div><div class="spacer battle-history"><br></div><h2 class="battle-history">Turn 47</h2><div class="spacer battle-history"><br></div><div class="battle-history">The opposing Starmie used <strong>Recover</strong>!<br></div><div class="battle-history"><small>The opposing Starmie had its HP restored.</small><br></div><div class="spacer battle-history"><br></div><div class="battle-history">Steelix used <strong>Earthquake</strong>!<br></div><div class="battle-history"><small>(The opposing Starmie lost <abbr title="−175/323">54.2%</abbr> of its health!)</small><br></div><div class="spacer battle-history"><br></div><div class="battle-history"><small>The opposing Starmie restored a little HP using its Leftovers!</small><br></div><div class="spacer battle-history"><br></div><h2 class="battle-history">Turn 48</h2><div class="spacer battle-history"><br></div><div class="battle-history">The opposing Starmie used <strong>Recover</strong>!<br></div><div class="battle-history"><small>The opposing Starmie had its HP restored.</small><br></div><div class="spacer battle-history"><br></div><div class="battle-history">Steelix used <strong>Earthquake</strong>!<br></div><div class="battle-history"><small>(The opposing Starmie lost <abbr title="−164/323">50.8%</abbr> of its health!)</small><br></div><div class="spacer battle-history"><br></div><div class="battle-history"><small>The opposing Starmie restored a little HP using its Leftovers!</small><br></div><div class="spacer battle-history"><br></div><h2 class="battle-history">Turn 49</h2><div class="spacer battle-history"><br></div><div class="battle-history">The opposing Starmie used <strong>Rapid Spin</strong>!<br></div><div class="battle-history"><small>It's not very effective...</small><br></div><div class="battle-history"><small>(Steelix lost <abbr title="−2/353">0.6%</abbr> of its health!)</small><br></div><div class="battle-history"><small>The spikes disappeared from the ground around the opposing team!</small><br></div><div class="spacer battle-history"><br></div><div class="battle-history">Steelix used <strong>Earthquake</strong>!<br></div><div class="battle-history"><small>(The opposing Starmie lost <abbr title="−163/323">50.5%</abbr> of its health!)</small><br></div><div class="spacer battle-history"><br></div><div class="battle-history"><small>The opposing Starmie restored a little HP using its Leftovers!</small><br></div><div class="battle-history"><small>Steelix restored a little HP using its Leftovers!</small><br></div><div class="spacer battle-history"><br></div><h2 class="battle-history">Turn 50</h2><div class="spacer battle-history"><br></div><div class="battle-history">HJAD withdrew Starmie!<br></div><div class="battle-history">HJAD sent out <strong>Skarmory</strong>!<br></div><div class="spacer battle-history"><br></div><div class="battle-history">Steelix used <strong>Earthquake</strong>!<br></div><div class="battle-history"><small>It doesn't affect the opposing Skarmory...</small><br></div><div class="spacer battle-history"><br></div><h2 class="battle-history">Turn 51</h2><div class="spacer battle-history"><br></div><div class="battle-history">Steelix, come back!<br></div><div class="battle-history">Go! <strong>Cloyster</strong>!<br></div><div class="spacer battle-history"><br></div><div class="battle-history">The opposing Skarmory used <strong>Whirlwind</strong>!<br></div><div class="spacer battle-history"><br></div><div class="battle-history"><strong>Jynx</strong> was dragged out!<br></div><div class="spacer battle-history"><br></div><div class="battle-history"><small>Jynx restored a little HP using its Leftovers!</small><br></div><div class="spacer battle-history"><br></div><h2 class="battle-history">Turn 52</h2><div class="spacer battle-history"><br></div><div class="battle-history">HJAD withdrew Skarmory!<br></div><div class="battle-history">HJAD sent out <strong>Suicune</strong>!<br></div><div class="spacer battle-history"><br></div><div class="battle-history">Jynx used <strong>Ice Beam</strong>!<br></div><div class="battle-history"><small>It's not very effective...</small><br></div><div class="battle-history"><small>(The opposing Suicune lost <abbr title="−55/403">13.6%</abbr> of its health!)</small><br></div><div class="spacer battle-history"><br></div><div class="battle-history"><small>The opposing Suicune restored a little HP using its Leftovers!</small><br></div><div class="spacer battle-history"><br></div><h2 class="battle-history">Turn 53</h2><div class="spacer battle-history"><br></div><div class="battle-history">Jynx used <strong>Psychic</strong>!<br></div><div class="battle-history"><small>(The opposing Suicune lost <abbr title="−110/403">27.3%</abbr> of its health!)</small><br></div><div class="spacer battle-history"><br></div><div class="battle-history">The opposing Suicune is fast asleep.<br></div><div class="spacer battle-history"><br></div><div class="battle-history">The opposing Suicune used <strong>Sleep Talk</strong>!<br></div><div class="spacer battle-history"><br></div><div class="battle-history">The opposing Suicune used <strong>Ice Beam</strong>!<br></div><div class="battle-history"><small>It's not very effective...</small><br></div><div class="battle-history"><small>(Jynx lost <abbr title="−38/333">11.4%</abbr> of its health!)</small><br></div><div class="spacer battle-history"><br></div><div class="battle-history"><small>Jynx restored a little HP using its Leftovers!</small><br></div><div class="battle-history"><small>The opposing Suicune restored a little HP using its Leftovers!</small><br></div><div class="spacer battle-history"><br></div><h2 class="battle-history">Turn 54</h2><div class="spacer battle-history"><br></div><div class="battle-history">Jynx, come back!<br></div><div class="battle-history">Go! <strong>Cloyster</strong>!<br></div><div class="spacer battle-history"><br></div><div class="battle-history">The opposing Suicune is fast asleep.<br></div><div class="spacer battle-history"><br></div><div class="battle-history">The opposing Suicune used <strong>Sleep Talk</strong>!<br></div><div class="spacer battle-history"><br></div><div class="battle-history">The opposing Suicune used <strong>Surf</strong>!<br></div><div class="battle-history"><small>It's not very effective...</small><br></div><div class="battle-history"><small>(Cloyster lost <abbr title="−85/303">28.1%</abbr> of its health!)</small><br></div><div class="spacer battle-history"><br></div><div class="battle-history"><small>The opposing Suicune restored a little HP using its Leftovers!</small><br></div><div class="battle-history"><small>Cloyster restored a little HP using its Leftovers!</small><br></div><div class="spacer battle-history"><br></div><h2 class="battle-history">Turn 55</h2><div class="spacer battle-history"><br></div><div class="battle-history"><small>The opposing Suicune woke up!</small><br></div><div class="spacer battle-history"><br></div><div class="battle-history">The opposing Suicune used <strong>Surf</strong>!<br></div><div class="battle-history"><small>It's not very effective...</small><br></div><div class="battle-history"><small>(Cloyster lost <abbr title="−83/303">27.4%</abbr> of its health!)</small><br></div><div class="spacer battle-history"><br></div><div class="battle-history">Cloyster used <strong>Spikes</strong>!<br></div><div class="battle-history"><small>Spikes were scattered on the ground all around the opposing team!</small><br></div><div class="spacer battle-history"><br></div><div class="battle-history"><small>The opposing Suicune restored a little HP using its Leftovers!</small><br></div><div class="battle-history"><small>Cloyster restored a little HP using its Leftovers!</small><br></div><div class="spacer battle-history"><br></div><h2 class="battle-history">Turn 56</h2><div class="spacer battle-history"><br></div><div class="battle-history">Cloyster, come back!<br></div><div class="battle-history">Go! <strong>Zapdos</strong>!<br></div><div class="spacer battle-history"><br></div><div class="battle-history">The opposing Suicune used <strong>Surf</strong>!<br></div><div class="battle-history"><small>(Zapdos lost <abbr title="−108/383">28.2%</abbr> of its health!)</small><br></div><div class="spacer battle-history"><br></div><div class="battle-history"><small>Zapdos restored a little HP using its Leftovers!</small><br></div><div class="battle-history"><small>The opposing Suicune restored a little HP using its Leftovers!</small><br></div><div class="spacer battle-history"><br></div><h2 class="battle-history">Turn 57</h2><div class="spacer battle-history"><br></div><div class="battle-history">HJAD withdrew Suicune!<br></div><div class="battle-history">HJAD sent out <strong>Raikou</strong>!<br></div><div class="battle-history"><small>The opposing Raikou was hurt by the spikes!</small><br></div><div class="battle-history"><small>Zapdos woke up!</small><br></div><div class="spacer battle-history"><br></div><div class="battle-history">Zapdos used <strong>Thunder</strong>!<br></div><div class="battle-history"><small>It's not very effective...</small><br></div><div class="battle-history"><small>(The opposing Raikou lost <abbr title="−78/383">20.4%</abbr> of its health!)</small><br></div><div class="battle-history"><small>The opposing Raikou is paralyzed! It may be unable to move!</small><br></div><div class="spacer battle-history"><br></div><div class="battle-history"><small>Zapdos restored a little HP using its Leftovers!</small><br></div><div class="battle-history"><small>The opposing Raikou restored a little HP using its Leftovers!</small><br></div><div class="spacer battle-history"><br></div><h2 class="battle-history">Turn 58</h2><div class="spacer battle-history"><br></div><div class="battle-history">Zapdos used <strong>Hidden Power</strong>!<br></div><div class="battle-history"><small>(The opposing Raikou lost <abbr title="−64/383">16.7%</abbr> of its health!)</small><br></div><div class="spacer battle-history"><br></div><div class="battle-history">The opposing Raikou used <strong>Reflect</strong>!<br></div><div class="battle-history"><small>Reflect made the opposing team stronger against physical moves!</small><br></div><div class="spacer battle-history"><br></div><div class="battle-history"><small>Zapdos restored a little HP using its Leftovers!</small><br></div><div class="battle-history"><small>The opposing Raikou restored a little HP using its Leftovers!</small><br></div><div class="spacer battle-history"><br></div><h2 class="battle-history">Turn 59</h2><div class="spacer battle-history"><br></div><div class="battle-history">Zapdos, come back!<br></div><div class="battle-history">Go! <strong>Steelix</strong>!<br></div><div class="spacer battle-history"><br></div><div class="battle-history">The opposing Raikou is paralyzed! It can't move!<br></div><div class="spacer battle-history"><br></div><div class="battle-history"><small>The opposing Raikou restored a little HP using its Leftovers!</small><br></div><div class="spacer battle-history"><br></div><h2 class="battle-history">Turn 60</h2><div class="spacer battle-history"><br></div><div class="battle-history">HJAD withdrew Raikou!<br></div><div class="battle-history">HJAD sent out <strong>Suicune</strong>!<br></div><div class="battle-history"><small>The opposing Suicune was hurt by the spikes!</small><br></div><div class="spacer battle-history"><br></div><div class="battle-history">Steelix used <strong>Roar</strong>!<br></div><div class="spacer battle-history"><br></div><div class="battle-history"><strong>Miltank</strong> was dragged out!<br></div><div class="battle-history"><small>The opposing Miltank was hurt by the spikes!</small><br></div><div class="spacer battle-history"><br></div><div class="battle-history"><small>The opposing Miltank restored a little HP using its Leftovers!</small><br></div><div class="spacer battle-history"><br></div><h2 class="battle-history">Turn 61</h2><div class="spacer battle-history"><br></div><div class="battle-history">Steelix, come back!<br></div><div class="battle-history">Go! <strong>Cloyster</strong>!<br></div><div class="spacer battle-history"><br></div><div class="battle-history">The opposing Miltank used <strong>Milk Drink</strong>!<br></div><div class="battle-history"><small>The opposing Miltank had its HP restored.</small><br></div><div class="spacer battle-history"><br></div><div class="battle-history"><small>The opposing Miltank restored a little HP using its Leftovers!</small><br></div><div class="battle-history"><small>Cloyster restored a little HP using its Leftovers!</small><br></div><div class="spacer battle-history"><br></div><h2 class="battle-history">Turn 62</h2><div class="spacer battle-history"><br></div><div class="battle-history">Cloyster, come back!<br></div><div class="battle-history">Go! <strong>Gengar</strong>!<br></div><div class="spacer battle-history"><br></div><div class="battle-history">The opposing Miltank used <strong>Body Slam</strong>!<br></div><div class="battle-history"><small>It doesn't affect Gengar...</small><br></div><div class="spacer battle-history"><br></div><div class="battle-history"><small>Gengar restored a little HP using its Leftovers!</small><br></div><div class="battle-history"><small>The opposing team's Reflect wore off!</small><br></div><div class="spacer battle-history"><br></div><h2 class="battle-history">Turn 63</h2><div class="spacer battle-history"><br></div><div class="battle-history">HJAD withdrew Miltank!<br></div><div class="battle-history">HJAD sent out <strong>Raikou</strong>!<br></div><div class="battle-history"><small>The opposing Raikou was hurt by the spikes!</small><br></div><div class="spacer battle-history"><br></div><div class="battle-history">Gengar used <strong>Dynamic Punch</strong>!<br></div><div class="battle-history"><small>The opposing Raikou avoided the attack!</small><br></div><div class="spacer battle-history"><br></div><div class="battle-history"><small>Gengar restored a little HP using its Leftovers!</small><br></div><div class="battle-history"><small>The opposing Raikou restored a little HP using its Leftovers!</small><br></div><div class="spacer battle-history"><br></div><h2 class="battle-history">Turn 64</h2><div class="spacer battle-history"><br></div><div class="battle-history">Gengar used <strong>Dynamic Punch</strong>!<br></div><div class="battle-history"><small>(The opposing Raikou lost <abbr title="−72/383">18.8%</abbr> of its health!)</small><br></div><div class="battle-history"><small>The opposing Raikou became confused!</small><br></div><div class="spacer battle-history"><br></div><div class="battle-history"><small>The opposing Raikou is confused!</small><br></div><div class="battle-history">The opposing Raikou used <strong>Thunder</strong>!<br></div><div class="battle-history"><small>(Gengar lost <abbr title="−171/323">52.9%</abbr> of its health!)</small><br></div><div class="spacer battle-history"><br></div><div class="battle-history"><small>Gengar restored a little HP using its Leftovers!</small><br></div><div class="battle-history"><small>The opposing Raikou restored a little HP using its Leftovers!</small><br></div><div class="spacer battle-history"><br></div><h2 class="battle-history">Turn 65</h2><div class="spacer battle-history"><br></div><div class="battle-history">Gengar used <strong>Thunderbolt</strong>!<br></div><div class="battle-history"><small>It's not very effective...</small><br></div><div class="battle-history"><small>(The opposing Raikou lost <abbr title="−43/383">11.2%</abbr> of its health!)</small><br></div><div class="spacer battle-history"><br></div><div class="battle-history"><small>The opposing Raikou is confused!</small><br></div><div class="battle-history">The opposing Raikou used <strong>Thunder</strong>!<br></div><div class="battle-history"><small>(Gengar lost <abbr title="−61/323">18.9%</abbr> of its health!)</small><br></div><div class="spacer battle-history"><br></div><div class="battle-history">Gengar fainted!<br></div><div class="chat chatmessage-luigi"><strong style="color:#8f7428"><small>☆</small><span class="username" data-name="Luigi">Luigi</span>:</strong> <em>.</em></div><div class="chat chatmessage-hjad"><strong style="color:#808e15"><small>☆</small><span class="username" data-name="HJAD">HJAD</span>:</strong> <em>thats the best trained kou ive ever had</em></div><div class="spacer battle-history"><br></div><div class="battle-history">Go! <strong>Steelix</strong>!<br></div><div class="spacer battle-history"><br></div><div class="battle-history"><small>The opposing Raikou restored a little HP using its Leftovers!</small><br></div><div class="spacer battle-history"><br></div><h2 class="battle-history">Turn 66</h2><div class="spacer battle-history"><br></div><div class="battle-history">HJAD withdrew Raikou!<br></div><div class="battle-history">HJAD sent out <strong>Suicune</strong>!<br></div><div class="battle-history"><small>The opposing Suicune was hurt by the spikes!</small><br></div><div class="spacer battle-history"><br></div><div class="battle-history">Steelix used <strong>Earthquake</strong>!<br></div><div class="battle-history"><small>(The opposing Suicune lost <abbr title="−104/403">25.8%</abbr> of its health!)</small><br></div><div class="spacer battle-history"><br></div><div class="battle-history"><small>The opposing Suicune restored a little HP using its Leftovers!</small><br></div><div class="spacer battle-history"><br></div><h2 class="battle-history">Turn 67</h2><div class="spacer battle-history"><br></div><div class="battle-history">Steelix, come back!<br></div><div class="battle-history">Go! <strong>Zapdos</strong>!<br></div><div class="spacer battle-history"><br></div><div class="battle-history">The opposing Suicune used <strong>Rest</strong>!<br></div><div class="battle-history"><small>The opposing Suicune fell asleep!</small><br></div><div class="battle-history"><small>The opposing Suicune slept and became healthy!</small><br></div><div class="spacer battle-history"><br></div><div class="battle-history"><small>Zapdos restored a little HP using its Leftovers!</small><br></div><div class="spacer battle-history"><br></div><h2 class="battle-history">Turn 68</h2><div class="spacer battle-history"><br></div><div class="battle-history">Zapdos used <strong>Hidden Power</strong>!<br></div><div class="battle-history"><small>It's not very effective...</small><br></div><div class="battle-history"><small>(The opposing Suicune lost <abbr title="−28/403">6.9%</abbr> of its health!)</small><br></div><div class="spacer battle-history"><br></div><div class="battle-history">The opposing Suicune is fast asleep.<br></div><div class="spacer battle-history"><br></div><div class="battle-history">The opposing Suicune used <strong>Sleep Talk</strong>!<br></div><div class="spacer battle-history"><br></div><div class="battle-history">The opposing Suicune used <strong>Ice Beam</strong>!<br></div><div class="battle-history"><small>It's super effective!</small><br></div><div class="battle-history"><small>(Zapdos lost <abbr title="−145/383">37.9%</abbr> of its health!)</small><br></div><div class="spacer battle-history"><br></div><div class="battle-history"><small>Zapdos restored a little HP using its Leftovers!</small><br></div><div class="battle-history"><small>The opposing Suicune restored a little HP using its Leftovers!</small><br></div><div class="spacer battle-history"><br></div><h2 class="battle-history">Turn 69</h2><div class="spacer battle-history"><br></div><div class="battle-history">HJAD withdrew Suicune!<br></div><div class="battle-history">HJAD sent out <strong>Starmie</strong>!<br></div><div class="battle-history"><small>The opposing Starmie was hurt by the spikes!</small><br></div><div class="spacer battle-history"><br></div><div class="battle-history">The opposing Starmie fainted!<br></div><div class="spacer battle-history"><br></div><div class="battle-history">HJAD sent out <strong>Raikou</strong>!<br></div><div class="battle-history"><small>The opposing Raikou was hurt by the spikes!</small><br></div><div class="spacer battle-history"><br></div><div class="battle-history"><small>Zapdos restored a little HP using its Leftovers!</small><br></div><div class="battle-history"><small>The opposing Raikou restored a little HP using its Leftovers!</small><br></div><div class="spacer battle-history"><br></div><h2 class="battle-history">Turn 70</h2><div class="spacer battle-history"><br></div><div class="battle-history">Zapdos, come back!<br></div><div class="battle-history">Go! <strong>Cloyster</strong>!<br></div><div class="spacer battle-history"><br></div><div class="battle-history">The opposing Raikou used <strong>Rest</strong>!<br></div><div class="battle-history"><small>The opposing Raikou fell asleep!</small><br></div><div class="battle-history"><small>The opposing Raikou slept and became healthy!</small><br></div><div class="spacer battle-history"><br></div><div class="battle-history"><small>Cloyster restored a little HP using its Leftovers!</small><br></div><div class="spacer battle-history"><br></div><h2 class="battle-history">Turn 71</h2><div class="spacer battle-history"><br></div><div class="battle-history">HJAD withdrew Raikou!<br></div><div class="battle-history">HJAD sent out <strong>Miltank</strong>!<br></div><div class="battle-history"><small>The opposing Miltank was hurt by the spikes!</small><br></div><div class="spacer battle-history"><br></div><div class="battle-history">Cloyster, come back!<br></div><div class="battle-history">Go! <strong>Steelix</strong>!<br></div><div class="spacer battle-history"><br></div><div class="battle-history"><small>The opposing Miltank restored a little HP using its Leftovers!</small><br></div><div class="spacer battle-history"><br></div><h2 class="battle-history">Turn 72</h2><div class="spacer battle-history"><br></div><div class="battle-history">Steelix, come back!<br></div><div class="battle-history">Go! <strong>Zapdos</strong>!<br></div><div class="spacer battle-history"><br></div><div class="battle-history">The opposing Miltank used <strong>Heal Bell</strong>!<br></div><div class="battle-history"><small>A bell chimed!</small><br></div><div class="spacer battle-history"><br></div><div class="battle-history"><small>Zapdos restored a little HP using its Leftovers!</small><br></div><div class="battle-history"><small>The opposing Miltank restored a little HP using its Leftovers!</small><br></div><div class="spacer battle-history"><br></div><h2 class="battle-history">Turn 73</h2><div class="spacer battle-history"><br></div><div class="battle-history">HJAD withdrew Miltank!<br></div><div class="battle-history">HJAD sent out <strong>Raikou</strong>!<br></div><div class="battle-history"><small>The opposing Raikou was hurt by the spikes!</small><br></div><div class="spacer battle-history"><br></div><div class="battle-history">Zapdos used <strong>Thunder</strong>!<br></div><div class="battle-history"><small>It's not very effective...</small><br></div><div class="battle-history"><small>(The opposing Raikou lost <abbr title="−79/383">20.6%</abbr> of its health!)</small><br></div><div class="spacer battle-history"><br></div><div class="battle-history"><small>The opposing Raikou restored a little HP using its Leftovers!</small><br></div><div class="battle-history"><small>Zapdos restored a little HP using its Leftovers!</small><br></div><div class="spacer battle-history"><br></div><h2 class="battle-history">Turn 74</h2><div class="spacer battle-history"><br></div><div class="battle-history">The opposing Raikou used <strong>Reflect</strong>!<br></div><div class="battle-history"><small>Reflect made the opposing team stronger against physical moves!</small><br></div><div class="spacer battle-history"><br></div><div class="battle-history">Zapdos used <strong>Thunder</strong>!<br></div><div class="battle-history"><small>The opposing Raikou avoided the attack!</small><br></div><div class="spacer battle-history"><br></div><div class="battle-history"><small>The opposing Raikou restored a little HP using its Leftovers!</small><br></div><div class="battle-history"><small>Zapdos restored a little HP using its Leftovers!</small><br></div><div class="spacer battle-history"><br></div><h2 class="battle-history">Turn 75</h2><div class="spacer battle-history"><br></div><div class="battle-history">Zapdos, come back!<br></div><div class="battle-history">Go! <strong>Steelix</strong>!<br></div><div class="spacer battle-history"><br></div><div class="battle-history">The opposing Raikou used <strong>Roar</strong>!<br></div><div class="spacer battle-history"><br></div><div class="battle-history"><strong>Zapdos</strong> was dragged out!<br></div><div class="spacer battle-history"><br></div><div class="battle-history"><small>The opposing Raikou restored a little HP using its Leftovers!</small><br></div><div class="battle-history"><small>Zapdos restored a little HP using its Leftovers!</small><br></div><div class="spacer battle-history"><br></div><h2 class="battle-history">Turn 76</h2><div class="spacer battle-history"><br></div><div class="battle-history">The opposing Raikou used <strong>Thunder</strong>!<br></div><div class="battle-history"><small>Zapdos avoided the attack!</small><br></div><div class="spacer battle-history"><br></div><div class="battle-history">Zapdos used <strong>Thunder</strong>!<br></div><div class="battle-history"><small>The opposing Raikou avoided the attack!</small><br></div><div class="spacer battle-history"><br></div><div class="battle-history"><small>The opposing Raikou restored a little HP using its Leftovers!</small><br></div><div class="battle-history"><small>Zapdos restored a little HP using its Leftovers!</small><br></div><div class="spacer battle-history"><br></div><h2 class="battle-history">Turn 77</h2><div class="spacer battle-history"><br></div><div class="battle-history">Zapdos, come back!<br></div><div class="battle-history">Go! <strong>Steelix</strong>!<br></div><div class="spacer battle-history"><br></div><div class="battle-history">The opposing Raikou used <strong>Thunder</strong>!<br></div><div class="battle-history"><small>It doesn't affect Steelix...</small><br></div><div class="spacer battle-history"><br></div><div class="battle-history"><small>The opposing Raikou restored a little HP using its Leftovers!</small><br></div><div class="spacer battle-history"><br></div><h2 class="battle-history">Turn 78</h2><div class="spacer battle-history"><br></div><div class="battle-history">Steelix, come back!<br></div><div class="battle-history">Go! <strong>Zapdos</strong>!<br></div><div class="spacer battle-history"><br></div><div class="battle-history">The opposing Raikou used <strong>Thunder</strong>!<br></div><div class="battle-history"><small>Zapdos avoided the attack!</small><br></div><div class="spacer battle-history"><br></div><div class="battle-history"><small>The opposing Raikou restored a little HP using its Leftovers!</small><br></div><div class="battle-history"><small>The opposing team's Reflect wore off!</small><br></div><div class="spacer battle-history"><br></div><h2 class="battle-history">Turn 79</h2><div class="spacer battle-history"><br></div><div class="battle-history">Zapdos, come back!<br></div><div class="battle-history">Go! <strong>Steelix</strong>!<br></div><div class="spacer battle-history"><br></div><div class="battle-history">The opposing Raikou used <strong>Reflect</strong>!<br></div><div class="battle-history"><small>Reflect made the opposing team stronger against physical moves!</small><br></div><div class="spacer battle-history"><br></div><h2 class="battle-history">Turn 80</h2><div class="spacer battle-history"><br></div><div class="battle-history">The opposing Raikou used <strong>Thunder</strong>!<br></div><div class="battle-history"><small>It doesn't affect Steelix...</small><br></div><div class="spacer battle-history"><br></div><div class="battle-history">Steelix used <strong>Curse</strong>!<br></div><div class="battle-history"><small>Steelix's Speed fell!</small><br></div><div class="battle-history"><small>Steelix's Attack rose!</small><br></div><div class="battle-history"><small>Steelix's Defense rose!</small><br></div><div class="spacer battle-history"><br></div><h2 class="battle-history">Turn 81</h2><div class="spacer battle-history"><br></div><div class="battle-history">HJAD withdrew Raikou!<br></div><div class="battle-history">HJAD sent out <strong>Suicune</strong>!<br></div><div class="battle-history"><small>The opposing Suicune was hurt by the spikes!</small><br></div><div class="spacer battle-history"><br></div><div class="battle-history">Steelix used <strong>Roar</strong>!<br></div><div class="spacer battle-history"><br></div><div class="battle-history"><strong>Skarmory</strong> was dragged out!<br></div><div class="spacer battle-history"><br></div><h2 class="battle-history">Turn 82</h2><div class="spacer battle-history"><br></div><div class="battle-history">Steelix used <strong>Curse</strong>!<br></div><div class="battle-history"><small>Steelix's Speed fell!</small><br></div><div class="battle-history"><small>Steelix's Attack rose!</small><br></div><div class="battle-history"><small>Steelix's Defense rose!</small><br></div><div class="spacer battle-history"><br></div><div class="battle-history">The opposing Skarmory used <strong>Whirlwind</strong>!<br></div><div class="spacer battle-history"><br></div><div class="battle-history"><strong>Zapdos</strong> was dragged out!<br></div><div class="spacer battle-history"><br></div><h2 class="battle-history">Turn 83</h2><div class="spacer battle-history"><br></div><div class="battle-history">Zapdos, come back!<br></div><div class="battle-history">Go! <strong>Steelix</strong>!<br></div><div class="spacer battle-history"><br></div><div class="battle-history">HJAD withdrew Skarmory!<br></div><div class="battle-history">HJAD sent out <strong>Raikou</strong>!<br></div><div class="battle-history"><small>The opposing Raikou was hurt by the spikes!</small><br></div><div class="spacer battle-history"><br></div><div class="battle-history"><small>The opposing Raikou restored a little HP using its Leftovers!</small><br></div><div class="battle-history"><small>The opposing team's Reflect wore off!</small><br></div><div class="spacer battle-history"><br></div><h2 class="battle-history">Turn 84</h2><div class="spacer battle-history"><br></div><div class="battle-history">HJAD withdrew Raikou!<br></div><div class="battle-history">HJAD sent out <strong>Skarmory</strong>!<br></div><div class="spacer battle-history"><br></div><div class="battle-history">Steelix used <strong>Curse</strong>!<br></div><div class="battle-history"><small>Steelix's Speed fell!</small><br></div><div class="battle-history"><small>Steelix's Attack rose!</small><br></div><div class="battle-history"><small>Steelix's Defense rose!</small><br></div><div class="spacer battle-history"><br></div><h2 class="battle-history">Turn 85</h2><div class="spacer battle-history"><br></div><div class="battle-history">The opposing Skarmory used <strong>Whirlwind</strong>!<br></div><div class="battle-history"><small>But it failed!</small><br></div><div class="spacer battle-history"><br></div><div class="battle-history">Steelix used <strong>Roar</strong>!<br></div><div class="spacer battle-history"><br></div><div class="battle-history"><strong>Suicune</strong> was dragged out!<br></div><div class="battle-history"><small>The opposing Suicune was hurt by the spikes!</small><br></div><div class="spacer battle-history"><br></div><div class="battle-history"><small>The opposing Suicune restored a little HP using its Leftovers!</small><br></div><div class="spacer battle-history"><br></div><h2 class="battle-history">Turn 86</h2><div class="spacer battle-history"><br></div><div class="battle-history">HJAD withdrew Suicune!<br></div><div class="battle-history">HJAD sent out <strong>Skarmory</strong>!<br></div><div class="spacer battle-history"><br></div><div class="battle-history">Steelix, come back!<br></div><div class="battle-history">Go! <strong>Zapdos</strong>!<br></div><div class="spacer battle-history"><br></div><h2 class="battle-history">Turn 87</h2><div class="spacer battle-history"><br></div><div class="battle-history">Zapdos, come back!<br></div><div class="battle-history">Go! <strong>Steelix</strong>!<br></div><div class="spacer battle-history"><br></div><div class="battle-history">HJAD withdrew Skarmory!<br></div><div class="battle-history">HJAD sent out <strong>Raikou</strong>!<br></div><div class="battle-history"><small>The opposing Raikou was hurt by the spikes!</small><br></div><div class="spacer battle-history"><br></div><div class="battle-history"><small>The opposing Raikou restored a little HP using its Leftovers!</small><br></div><div class="spacer battle-history"><br></div><h2 class="battle-history">Turn 88</h2><div class="spacer battle-history"><br></div><div class="battle-history">The opposing Raikou used <strong>Reflect</strong>!<br></div><div class="battle-history"><small>Reflect made the opposing team stronger against physical moves!</small><br></div><div class="spacer battle-history"><br></div><div class="battle-history">Steelix used <strong>Earthquake</strong>!<br></div><div class="battle-history"><small>It's super effective!</small><br></div><div class="battle-history"><small>(The opposing Raikou lost <abbr title="−127/383">33.2%</abbr> of its health!)</small><br></div><div class="spacer battle-history"><br></div><div class="battle-history"><small>The opposing Raikou restored a little HP using its Leftovers!</small><br></div><div class="spacer battle-history"><br></div><h2 class="battle-history">Turn 89</h2><div class="spacer battle-history"><br></div><div class="battle-history">HJAD withdrew Raikou!<br></div><div class="battle-history">HJAD sent out <strong>Suicune</strong>!<br></div><div class="battle-history"><small>The opposing Suicune was hurt by the spikes!</small><br></div><div class="spacer battle-history"><br></div><div class="battle-history">Steelix used <strong>Earthquake</strong>!<br></div><div class="battle-history"><small>(The opposing Suicune lost <abbr title="−48/403">11.9%</abbr> of its health!)</small><br></div><div class="spacer battle-history"><br></div><div class="battle-history"><small>The opposing Suicune restored a little HP using its Leftovers!</small><br></div><div class="spacer battle-history"><br></div><h2 class="battle-history">Turn 90</h2><div class="spacer battle-history"><br></div><div class="battle-history">Steelix, come back!<br></div><div class="battle-history">Go! <strong>Zapdos</strong>!<br></div><div class="spacer battle-history"><br></div><div class="battle-history">The opposing Suicune used <strong>Ice Beam</strong>!<br></div><div class="battle-history"><small>It's super effective!</small><br></div><div class="battle-history"><small>(Zapdos lost <abbr title="−159/383">41.5%</abbr> of its health!)</small><br></div><div class="spacer battle-history"><br></div><div class="battle-history"><small>Zapdos restored a little HP using its Leftovers!</small><br></div><div class="battle-history"><small>The opposing Suicune restored a little HP using its Leftovers!</small><br></div><div class="spacer battle-history"><br></div><h2 class="battle-history">Turn 91</h2><div class="spacer battle-history"><br></div><div class="battle-history">HJAD withdrew Suicune!<br></div><div class="battle-history">HJAD sent out <strong>Raikou</strong>!<br></div><div class="battle-history"><small>The opposing Raikou was hurt by the spikes!</small><br></div><div class="spacer battle-history"><br></div><div class="battle-history">Zapdos used <strong>Thunder</strong>!<br></div><div class="battle-history"><small>It's not very effective...</small><br></div><div class="battle-history"><small>(The opposing Raikou lost <abbr title="−88/383">23.0%</abbr> of its health!)</small><br></div><div class="spacer battle-history"><br></div><div class="battle-history"><small>The opposing Raikou restored a little HP using its Leftovers!</small><br></div><div class="battle-history"><small>Zapdos restored a little HP using its Leftovers!</small><br></div><div class="spacer battle-history"><br></div><h2 class="battle-history">Turn 92</h2><div class="spacer battle-history"><br></div><div class="battle-history">Zapdos, come back!<br></div><div class="battle-history">Go! <strong>Jynx</strong>!<br></div><div class="spacer battle-history"><br></div><div class="battle-history">The opposing Raikou used <strong>Rest</strong>!<br></div><div class="battle-history"><small>The opposing Raikou fell asleep!</small><br></div><div class="battle-history"><small>The opposing Raikou slept and became healthy!</small><br></div><div class="spacer battle-history"><br></div><div class="battle-history"><small>Jynx restored a little HP using its Leftovers!</small><br></div><div class="battle-history"><small>The opposing team's Reflect wore off!</small><br></div><div class="spacer battle-history"><br></div><h2 class="battle-history">Turn 93</h2><div class="spacer battle-history"><br></div><div class="battle-history">HJAD withdrew Raikou!<br></div><div class="battle-history">HJAD sent out <strong>Suicune</strong>!<br></div><div class="battle-history"><small>The opposing Suicune was hurt by the spikes!</small><br></div><div class="spacer battle-history"><br></div><div class="battle-history">Jynx used <strong>Substitute</strong>!<br></div><div class="battle-history"><small>Jynx put in a substitute!</small><br></div><div class="battle-history"><small>(Jynx lost <abbr title="−83/333">24.9%</abbr> of its health!)</small><br></div><div class="spacer battle-history"><br></div><div class="battle-history"><small>Jynx restored a little HP using its Leftovers!</small><br></div><div class="battle-history"><small>The opposing Suicune restored a little HP using its Leftovers!</small><br></div><div class="spacer battle-history"><br></div><h2 class="battle-history">Turn 94</h2><div class="spacer battle-history"><br></div><div class="battle-history">Jynx used <strong>Psychic</strong>!<br></div><div class="battle-history"><small>(The opposing Suicune lost <abbr title="−101/403">25.1%</abbr> of its health!)</small><br></div><div class="spacer battle-history"><br></div><div class="battle-history">The opposing Suicune used <strong>Sleep Talk</strong>!<br></div><div class="battle-history"><small>But it failed!</small><br></div><div class="spacer battle-history"><br></div><div class="battle-history"><small>Jynx restored a little HP using its Leftovers!</small><br></div><div class="battle-history"><small>The opposing Suicune restored a little HP using its Leftovers!</small><br></div><div class="spacer battle-history"><br></div><h2 class="battle-history">Turn 95</h2><div class="spacer battle-history"><br></div><div class="battle-history">Jynx used <strong>Lovely Kiss</strong>!<br></div><div class="battle-history"><small>The opposing Suicune fell asleep!</small><br></div><div class="spacer battle-history"><br></div><div class="battle-history">The opposing Suicune is fast asleep.<br></div><div class="spacer battle-history"><br></div><div class="battle-history"><small>Jynx restored a little HP using its Leftovers!</small><br></div><div class="battle-history"><small>The opposing Suicune restored a little HP using its Leftovers!</small><br></div><div class="spacer battle-history"><br></div><h2 class="battle-history">Turn 96</h2><div class="spacer battle-history"><br></div><div class="battle-history">Jynx used <strong>Psychic</strong>!<br></div><div class="battle-history"><small>(The opposing Suicune lost <abbr title="−105/403">26.1%</abbr> of its health!)</small><br></div><div class="spacer battle-history"><br></div><div class="battle-history">The opposing Suicune is fast asleep.<br></div><div class="spacer battle-history"><br></div><div class="battle-history">The opposing Suicune used <strong>Sleep Talk</strong>!<br></div><div class="spacer battle-history"><br></div><div class="battle-history">The opposing Suicune used <strong>Ice Beam</strong>!<br></div><div class="battle-history"><small>It's not very effective...</small><br></div><div class="battle-history"><small>The substitute took damage for Jynx!</small><br></div><div class="spacer battle-history"><br></div><div class="battle-history"><small>Jynx restored a little HP using its Leftovers!</small><br></div><div class="battle-history"><small>The opposing Suicune restored a little HP using its Leftovers!</small><br></div><div class="spacer battle-history"><br></div><h2 class="battle-history">Turn 97</h2><div class="spacer battle-history"><br></div><div class="battle-history">Jynx used <strong>Psychic</strong>!<br></div><div class="battle-history"><small>(The opposing Suicune lost <abbr title="−105/403">26.1%</abbr> of its health!)</small><br></div><div class="spacer battle-history"><br></div><div class="battle-history">The opposing Suicune is fast asleep.<br></div><div class="spacer battle-history"><br></div><div class="battle-history">The opposing Suicune used <strong>Sleep Talk</strong>!<br></div><div class="spacer battle-history"><br></div><div class="battle-history">The opposing Suicune used <strong>Rest</strong>!<br></div><div class="battle-history"><small>The opposing Suicune slept and became healthy!</small><br></div><div class="spacer battle-history"><br></div><div class="battle-history"><small>Jynx restored a little HP using its Leftovers!</small><br></div><div class="spacer battle-history"><br></div><h2 class="battle-history">Turn 98</h2><div class="spacer battle-history"><br></div><div class="battle-history">Jynx used <strong>Psychic</strong>!<br></div><div class="battle-history"><small>(The opposing Suicune lost <abbr title="−113/403">28.0%</abbr> of its health!)</small><br></div><div class="spacer battle-history"><br></div><div class="battle-history">The opposing Suicune is fast asleep.<br></div><div class="spacer battle-history"><br></div><div class="battle-history"><small>The opposing Suicune restored a little HP using its Leftovers!</small><br></div><div class="spacer battle-history"><br></div><h2 class="battle-history">Turn 99</h2><div class="spacer battle-history"><br></div><div class="battle-history">Jynx used <strong>Psychic</strong>!<br></div><div class="battle-history"><small>(The opposing Suicune lost <abbr title="−104/403">25.8%</abbr> of its health!)</small><br></div><div class="spacer battle-history"><br></div><div class="battle-history">The opposing Suicune is fast asleep.<br></div><div class="spacer battle-history"><br></div><div class="battle-history"><small>The opposing Suicune restored a little HP using its Leftovers!</small><br></div><div class="spacer battle-history"><br></div><h2 class="battle-history">Turn 100</h2><div class="spacer battle-history"><br></div><div class="battle-history">Jynx used <strong>Ice Beam</strong>!<br></div><div class="battle-history"><small>It's not very effective...</small><br></div><div class="battle-history"><small>(The opposing Suicune lost <abbr title="−59/403">14.6%</abbr> of its health!)</small><br></div><div class="battle-history"><small>The opposing Suicune woke up!</small><br></div><div class="spacer battle-history"><br></div><div class="battle-history">The opposing Suicune used <strong>Rest</strong>!<br></div><div class="battle-history"><small>The opposing Suicune fell asleep!</small><br></div><div class="battle-history"><small>The opposing Suicune slept and became healthy!</small><br></div><div class="spacer battle-history"><br></div><h2 class="battle-history">Turn 101</h2><div class="spacer battle-history"><br></div><div class="battle-history">Jynx, come back!<br></div><div class="battle-history">Go! <strong>Cloyster</strong>!<br></div><div class="spacer battle-history"><br></div><div class="battle-history">The opposing Suicune is fast asleep.<br></div><div class="spacer battle-history"><br></div><div class="battle-history"><small>Cloyster restored a little HP using its Leftovers!</small><br></div><div class="spacer battle-history"><br></div><h2 class="battle-history">Turn 102</h2><div class="spacer battle-history"><br></div><div class="battle-history">HJAD withdrew Suicune!<br></div><div class="battle-history">HJAD sent out <strong>Miltank</strong>!<br></div><div class="battle-history"><small>The opposing Miltank was hurt by the spikes!</small><br></div><div class="spacer battle-history"><br></div><div class="battle-history">Cloyster used <strong>Surf</strong>!<br></div><div class="battle-history"><small>(The opposing Miltank lost <abbr title="−127/393">32.3%</abbr> of its health!)</small><br></div><div class="spacer battle-history"><br></div><div class="battle-history"><small>The opposing Miltank restored a little HP using its Leftovers!</small><br></div><div class="battle-history"><small>Cloyster restored a little HP using its Leftovers!</small><br></div><div class="spacer battle-history"><br></div><h2 class="battle-history">Turn 103</h2><div class="spacer battle-history"><br></div><div class="battle-history">The opposing Miltank used <strong>Body Slam</strong>!<br></div><div class="battle-history"><small>(Cloyster lost <abbr title="−61/303">20.1%</abbr> of its health!)</small><br></div><div class="spacer battle-history"><br></div><div class="battle-history">Cloyster used <strong>Toxic</strong>!<br></div><div class="battle-history"><small>The opposing Miltank was badly poisoned!</small><br></div><div class="spacer battle-history"><br></div><div class="battle-history"><small>The opposing Miltank restored a little HP using its Leftovers!</small><br></div><div class="battle-history"><small>Cloyster restored a little HP using its Leftovers!</small><br></div><div class="spacer battle-history"><br></div><h2 class="battle-history">Turn 104</h2><div class="spacer battle-history"><br></div><div class="battle-history">The opposing Miltank used <strong>Heal Bell</strong>!<br></div><div class="battle-history"><small>A bell chimed!</small><br></div><div class="spacer battle-history"><br></div><div class="battle-history">Cloyster used <strong>Explosion</strong>!<br></div><div class="battle-history"><small>(The opposing Miltank lost <abbr title="−264/393">67.2%</abbr> of its health!)</small><br></div><div class="spacer battle-history"><br></div><div class="battle-history">The opposing Miltank fainted!<br></div><div class="battle-history">Cloyster fainted!<br></div><div class="spacer battle-history"><br></div><div class="battle-history">HJAD sent out <strong>Raikou</strong>!<br></div><div class="spacer battle-history"><br></div><div class="battle-history">Go! <strong>Jynx</strong>!<br></div><div class="battle-history"><small>The opposing Raikou was hurt by the spikes!</small><br></div><div class="spacer battle-history"><br></div><div class="battle-history"><small>The opposing Raikou restored a little HP using its Leftovers!</small><br></div><div class="spacer battle-history"><br></div><h2 class="battle-history">Turn 105</h2><div class="spacer battle-history"><br></div><div class="battle-history">Jynx, come back!<br></div><div class="battle-history">Go! <strong>Steelix</strong>!<br></div><div class="spacer battle-history"><br></div><div class="battle-history">The opposing Raikou used <strong>Reflect</strong>!<br></div><div class="battle-history"><small>Reflect made the opposing team stronger against physical moves!</small><br></div><div class="spacer battle-history"><br></div><div class="battle-history"><small>The opposing Raikou restored a little HP using its Leftovers!</small><br></div><div class="spacer battle-history"><br></div><h2 class="battle-history">Turn 106</h2><div class="spacer battle-history"><br></div><div class="battle-history">HJAD withdrew Raikou!<br></div><div class="battle-history">HJAD sent out <strong>Suicune</strong>!<br></div><div class="battle-history"><small>The opposing Suicune was hurt by the spikes!</small><br></div><div class="spacer battle-history"><br></div><div class="battle-history">Steelix used <strong>Roar</strong>!<br></div><div class="spacer battle-history"><br></div><div class="battle-history"><strong>Raikou</strong> was dragged out!<br></div><div class="battle-history"><small>The opposing Raikou was hurt by the spikes!</small><br></div><div class="spacer battle-history"><br></div><div class="battle-history"><small>The opposing Raikou restored a little HP using its Leftovers!</small><br></div><div class="spacer battle-history"><br></div><h2 class="battle-history">Turn 107</h2><div class="spacer battle-history"><br></div><div class="battle-history">HJAD withdrew Raikou!<br></div><div class="battle-history">HJAD sent out <strong>Skarmory</strong>!<br></div><div class="spacer battle-history"><br></div><div class="battle-history">Steelix used <strong>Curse</strong>!<br></div><div class="battle-history"><small>Steelix's Speed fell!</small><br></div><div class="battle-history"><small>Steelix's Attack rose!</small><br></div><div class="battle-history"><small>Steelix's Defense rose!</small><br></div><div class="spacer battle-history"><br></div><h2 class="battle-history">Turn 108</h2><div class="spacer battle-history"><br></div><div class="battle-history">Steelix used <strong>Curse</strong>!<br></div><div class="battle-history"><small>Steelix's Speed fell!</small><br></div><div class="battle-history"><small>Steelix's Attack rose!</small><br></div><div class="battle-history"><small>Steelix's Defense rose!</small><br></div><div class="spacer battle-history"><br></div><div class="battle-history">The opposing Skarmory used <strong>Whirlwind</strong>!<br></div><div class="spacer battle-history"><br></div><div class="battle-history"><strong>Zapdos</strong> was dragged out!<br></div><div class="spacer battle-history"><br></div><div class="battle-history"><small>Zapdos restored a little HP using its Leftovers!</small><br></div><div class="spacer battle-history"><br></div><h2 class="battle-history">Turn 109</h2><div class="spacer battle-history"><br></div><div class="battle-history">Zapdos, come back!<br></div><div class="battle-history">Go! <strong>Steelix</strong>!<br></div><div class="spacer battle-history"><br></div><div class="battle-history">HJAD withdrew Skarmory!<br></div><div class="battle-history">HJAD sent out <strong>Raikou</strong>!<br></div><div class="battle-history"><small>The opposing Raikou was hurt by the spikes!</small><br></div><div class="spacer battle-history"><br></div><div class="battle-history"><small>The opposing Raikou restored a little HP using its Leftovers!</small><br></div><div class="battle-history"><small>The opposing team's Reflect wore off!</small><br></div><div class="spacer battle-history"><br></div><h2 class="battle-history">Turn 110</h2><div class="spacer battle-history"><br></div><div class="battle-history">The opposing Raikou used <strong>Reflect</strong>!<br></div><div class="battle-history"><small>Reflect made the opposing team stronger against physical moves!</small><br></div><div class="spacer battle-history"><br></div><div class="battle-history">Steelix used <strong>Curse</strong>!<br></div><div class="battle-history"><small>Steelix's Speed fell!</small><br></div><div class="battle-history"><small>Steelix's Attack rose!</small><br></div><div class="battle-history"><small>Steelix's Defense rose!</small><br></div><div class="spacer battle-history"><br></div><div class="battle-history"><small>The opposing Raikou restored a little HP using its Leftovers!</small><br></div><div class="spacer battle-history"><br></div><h2 class="battle-history">Turn 111</h2><div class="spacer battle-history"><br></div><div class="battle-history">HJAD withdrew Raikou!<br></div><div class="battle-history">HJAD sent out <strong>Skarmory</strong>!<br></div><div class="spacer battle-history"><br></div><div class="battle-history">Steelix used <strong>Roar</strong>!<br></div><div class="spacer battle-history"><br></div><div class="battle-history"><strong>Raikou</strong> was dragged out!<br></div><div class="battle-history"><small>The opposing Raikou was hurt by the spikes!</small><br></div><div class="spacer battle-history"><br></div><div class="battle-history"><small>The opposing Raikou restored a little HP using its Leftovers!</small><br></div><div class="spacer battle-history"><br></div><h2 class="battle-history">Turn 112</h2><div class="spacer battle-history"><br></div><div class="battle-history">HJAD withdrew Raikou!<br></div><div class="battle-history">HJAD sent out <strong>Skarmory</strong>!<br></div><div class="spacer battle-history"><br></div><div class="battle-history">Steelix used <strong>Roar</strong>!<br></div><div class="spacer battle-history"><br></div><div class="battle-history"><strong>Raikou</strong> was dragged out!<br></div><div class="battle-history"><small>The opposing Raikou was hurt by the spikes!</small><br></div><div class="spacer battle-history"><br></div><div class="battle-history"><small>The opposing Raikou restored a little HP using its Leftovers!</small><br></div><div class="spacer battle-history"><br></div><h2 class="battle-history">Turn 113</h2><div class="spacer battle-history"><br></div><div class="battle-history">Steelix, come back!<br></div><div class="battle-history">Go! <strong>Zapdos</strong>!<br></div><div class="spacer battle-history"><br></div><div class="battle-history">The opposing Raikou used <strong>Roar</strong>!<br></div><div class="spacer battle-history"><br></div><div class="battle-history"><strong>Jynx</strong> was dragged out!<br></div><div class="spacer battle-history"><br></div><div class="battle-history"><small>The opposing Raikou restored a little HP using its Leftovers!</small><br></div><div class="spacer battle-history"><br></div><h2 class="battle-history">Turn 114</h2><div class="spacer battle-history"><br></div><div class="battle-history">The opposing Raikou used <strong>Thunder</strong>!<br></div><div class="battle-history"><small>(Jynx lost <abbr title="−167/333">50.2%</abbr> of its health!)</small><br></div><div class="spacer battle-history"><br></div><div class="battle-history">Jynx used <strong>Lovely Kiss</strong>!<br></div><div class="battle-history"><small>The opposing Raikou fell asleep!</small><br></div><div class="spacer battle-history"><br></div><div class="battle-history"><small>The opposing Raikou restored a little HP using its Leftovers!</small><br></div><div class="battle-history"><small>Jynx restored a little HP using its Leftovers!</small><br></div><div class="battle-history"><small>The opposing team's Reflect wore off!</small><br></div><div class="spacer battle-history"><br></div><h2 class="battle-history">Turn 115</h2><div class="spacer battle-history"><br></div><div class="battle-history">HJAD withdrew Raikou!<br></div><div class="battle-history">HJAD sent out <strong>Suicune</strong>!<br></div><div class="battle-history"><small>The opposing Suicune was hurt by the spikes!</small><br></div><div class="spacer battle-history"><br></div><div class="battle-history">Jynx used <strong>Psychic</strong>!<br></div><div class="battle-history"><small>(The opposing Suicune lost <abbr title="−113/403">28.0%</abbr> of its health!)</small><br></div><div class="spacer battle-history"><br></div><div class="battle-history"><small>Jynx restored a little HP using its Leftovers!</small><br></div><div class="battle-history"><small>The opposing Suicune restored a little HP using its Leftovers!</small><br></div><div class="spacer battle-history"><br></div><h2 class="battle-history">Turn 116</h2><div class="spacer battle-history"><br></div><div class="battle-history">Jynx used <strong>Psychic</strong>!<br></div><div class="battle-history"><small>A critical hit!</small><br></div><div class="battle-history"><small>(The opposing Suicune lost <abbr title="−215/403">53.3%</abbr> of its health!)</small><br></div><div class="spacer battle-history"><br></div><div class="battle-history">The opposing Suicune fainted!<br></div><div class="spacer battle-history"><br></div><div class="battle-history">HJAD sent out <strong>Skarmory</strong>!<br></div><div class="spacer battle-history"><br></div><div class="battle-history"><small>Jynx restored a little HP using its Leftovers!</small><br></div><div class="spacer battle-history"><br></div><h2 class="battle-history">Turn 117</h2><div class="spacer battle-history"><br></div><div class="battle-history">Jynx, come back!<br></div><div class="battle-history">Go! <strong>Zapdos</strong>!<br></div><div class="spacer battle-history"><br></div><div class="battle-history">The opposing Skarmory used <strong>Drill Peck</strong>!<br></div><div class="battle-history"><small>It's not very effective...</small><br></div><div class="battle-history"><small>(Zapdos lost <abbr title="−49/383">12.8%</abbr> of its health!)</small><br></div><div class="spacer battle-history"><br></div><div class="battle-history"><small>Zapdos restored a little HP using its Leftovers!</small><br></div><div class="spacer battle-history"><br></div><h2 class="battle-history">Turn 118</h2><div class="spacer battle-history"><br></div><div class="battle-history">HJAD withdrew Skarmory!<br></div><div class="battle-history">HJAD sent out <strong>Raikou</strong>!<br></div><div class="battle-history"><small>The opposing Raikou was hurt by the spikes!</small><br></div><div class="spacer battle-history"><br></div><div class="battle-history">Zapdos used <strong>Thunder</strong>!<br></div><div class="battle-history"><small>The opposing Raikou avoided the attack!</small><br></div><div class="spacer battle-history"><br></div><div class="battle-history"><small>The opposing Raikou restored a little HP using its Leftovers!</small><br></div><div class="battle-history"><small>Zapdos restored a little HP using its Leftovers!</small><br></div><div class="spacer battle-history"><br></div><h2 class="battle-history">Turn 119</h2><div class="spacer battle-history"><br></div><div class="battle-history">Zapdos, come back!<br></div><div class="battle-history">Go! <strong>Steelix</strong>!<br></div><div class="spacer battle-history"><br></div><div class="battle-history">The opposing Raikou is fast asleep.<br></div><div class="spacer battle-history"><br></div><div class="battle-history"><small>The opposing Raikou restored a little HP using its Leftovers!</small><br></div><div class="spacer battle-history"><br></div><h2 class="battle-history">Turn 120</h2><div class="spacer battle-history"><br></div><div class="battle-history">HJAD withdrew Raikou!<br></div><div class="battle-history">HJAD sent out <strong>Skarmory</strong>!<br></div><div class="spacer battle-history"><br></div><div class="battle-history">Steelix used <strong>Roar</strong>!<br></div><div class="spacer battle-history"><br></div><div class="battle-history"><strong>Raikou</strong> was dragged out!<br></div><div class="battle-history"><small>The opposing Raikou was hurt by the spikes!</small><br></div><div class="spacer battle-history"><br></div><div class="battle-history"><small>The opposing Raikou restored a little HP using its Leftovers!</small><br></div><div class="spacer battle-history"><br></div><h2 class="battle-history">Turn 121</h2><div class="spacer battle-history"><br></div><div class="battle-history">HJAD withdrew Raikou!<br></div><div class="battle-history">HJAD sent out <strong>Skarmory</strong>!<br></div><div class="spacer battle-history"><br></div><div class="battle-history">Steelix used <strong>Roar</strong>!<br></div><div class="spacer battle-history"><br></div><div class="battle-history"><strong>Raikou</strong> was dragged out!<br></div><div class="battle-history"><small>The opposing Raikou was hurt by the spikes!</small><br></div><div class="spacer battle-history"><br></div><div class="battle-history"><small>The opposing Raikou restored a little HP using its Leftovers!</small><br></div><div class="spacer battle-history"><br></div><h2 class="battle-history">Turn 122</h2><div class="spacer battle-history"><br></div><div class="battle-history">HJAD withdrew Raikou!<br></div><div class="battle-history">HJAD sent out <strong>Skarmory</strong>!<br></div><div class="spacer battle-history"><br></div><div class="battle-history">Steelix used <strong>Earthquake</strong>!<br></div><div class="battle-history"><small>It doesn't affect the opposing Skarmory...</small><br></div><div class="spacer battle-history"><br></div><h2 class="battle-history">Turn 123</h2><div class="spacer battle-history"><br></div><div class="battle-history">HJAD withdrew Skarmory!<br></div><div class="battle-history">HJAD sent out <strong>Raikou</strong>!<br></div><div class="battle-history"><small>The opposing Raikou was hurt by the spikes!</small><br></div><div class="spacer battle-history"><br></div><div class="battle-history">Steelix used <strong>Curse</strong>!<br></div><div class="battle-history"><small>Steelix's Speed fell!</small><br></div><div class="battle-history"><small>Steelix's Attack rose!</small><br></div><div class="battle-history"><small>Steelix's Defense rose!</small><br></div><div class="spacer battle-history"><br></div><div class="battle-history"><small>The opposing Raikou restored a little HP using its Leftovers!</small><br></div><div class="spacer battle-history"><br></div><h2 class="battle-history">Turn 124</h2><div class="spacer battle-history"><br></div><div class="battle-history">HJAD withdrew Raikou!<br></div><div class="battle-history">HJAD sent out <strong>Skarmory</strong>!<br></div><div class="spacer battle-history"><br></div><div class="battle-history">Steelix used <strong>Earthquake</strong>!<br></div><div class="battle-history"><small>It doesn't affect the opposing Skarmory...</small><br></div><div class="spacer battle-history"><br></div><h2 class="battle-history">Turn 125</h2><div class="spacer battle-history"><br></div><div class="battle-history">The opposing Skarmory used <strong>Whirlwind</strong>!<br></div><div class="battle-history"><small>But it failed!</small><br></div><div class="spacer battle-history"><br></div><div class="battle-history">Steelix used <strong>Roar</strong>!<br></div><div class="spacer battle-history"><br></div><div class="battle-history"><strong>Raikou</strong> was dragged out!<br></div><div class="battle-history"><small>The opposing Raikou was hurt by the spikes!</small><br></div><div class="spacer battle-history"><br></div><div class="battle-history"><small>The opposing Raikou restored a little HP using its Leftovers!</small><br></div><div class="spacer battle-history"><br></div><h2 class="battle-history">Turn 126</h2><div class="spacer battle-history"><br></div><div class="battle-history">HJAD withdrew Raikou!<br></div><div class="battle-history">HJAD sent out <strong>Skarmory</strong>!<br></div><div class="spacer battle-history"><br></div><div class="battle-history">Steelix used <strong>Roar</strong>!<br></div><div class="spacer battle-history"><br></div><div class="battle-history"><strong>Raikou</strong> was dragged out!<br></div><div class="battle-history"><small>The opposing Raikou was hurt by the spikes!</small><br></div><div class="spacer battle-history"><br></div><div class="battle-history"><small>The opposing Raikou restored a little HP using its Leftovers!</small><br></div><div class="spacer battle-history"><br></div><h2 class="battle-history">Turn 127</h2><div class="spacer battle-history"><br></div><div class="battle-history">The opposing Raikou is fast asleep.<br></div><div class="spacer battle-history"><br></div><div class="battle-history">Steelix used <strong>Roar</strong>!<br></div><div class="spacer battle-history"><br></div><div class="battle-history"><strong>Skarmory</strong> was dragged out!<br></div><div class="spacer battle-history"><br></div><h2 class="battle-history">Turn 128</h2><div class="spacer battle-history"><br></div><div class="battle-history">The opposing Skarmory used <strong>Whirlwind</strong>!<br></div><div class="battle-history"><small>But it failed!</small><br></div><div class="spacer battle-history"><br></div><div class="battle-history">Steelix used <strong>Roar</strong>!<br></div><div class="spacer battle-history"><br></div><div class="battle-history"><strong>Raikou</strong> was dragged out!<br></div><div class="battle-history"><small>The opposing Raikou was hurt by the spikes!</small><br></div><div class="spacer battle-history"><br></div><div class="battle-history"><small>The opposing Raikou restored a little HP using its Leftovers!</small><br></div><div class="spacer battle-history"><br></div><h2 class="battle-history">Turn 129</h2><div class="spacer battle-history"><br></div><div class="battle-history">The opposing Raikou is fast asleep.<br></div><div class="spacer battle-history"><br></div><div class="battle-history">Steelix used <strong>Roar</strong>!<br></div><div class="spacer battle-history"><br></div><div class="battle-history"><strong>Skarmory</strong> was dragged out!<br></div><div class="spacer battle-history"><br></div><h2 class="battle-history">Turn 130</h2><div class="spacer battle-history"><br></div><div class="battle-history">The opposing Skarmory used <strong>Whirlwind</strong>!<br></div><div class="battle-history"><small>But it failed!</small><br></div><div class="spacer battle-history"><br></div><div class="battle-history">Steelix used <strong>Roar</strong>!<br></div><div class="spacer battle-history"><br></div><div class="battle-history"><strong>Raikou</strong> was dragged out!<br></div><div class="battle-history"><small>The opposing Raikou was hurt by the spikes!</small><br></div><div class="spacer battle-history"><br></div><div class="battle-history"><small>The opposing Raikou restored a little HP using its Leftovers!</small><br></div><div class="spacer battle-history"><br></div><h2 class="battle-history">Turn 131</h2><div class="spacer battle-history"><br></div><div class="battle-history">HJAD withdrew Raikou!<br></div><div class="battle-history">HJAD sent out <strong>Skarmory</strong>!<br></div><div class="spacer battle-history"><br></div><div class="battle-history">Steelix used <strong>Roar</strong>!<br></div><div class="spacer battle-history"><br></div><div class="battle-history"><strong>Raikou</strong> was dragged out!<br></div><div class="battle-history"><small>The opposing Raikou was hurt by the spikes!</small><br></div><div class="spacer battle-history"><br></div><div class="battle-history"><small>The opposing Raikou restored a little HP using its Leftovers!</small><br></div><div class="spacer battle-history"><br></div><h2 class="battle-history">Turn 132</h2><div class="spacer battle-history"><br></div><div class="battle-history">The opposing Raikou is fast asleep.<br></div><div class="spacer battle-history"><br></div><div class="battle-history">Steelix used <strong>Earthquake</strong>!<br></div><div class="battle-history"><small>It's super effective!</small><br></div><div class="battle-history"><small>(The opposing Raikou lost <abbr title="−162/383">42.3%</abbr> of its health!)</small><br></div><div class="spacer battle-history"><br></div><div class="battle-history">The opposing Raikou fainted!<br></div><div class="spacer battle-history"><br></div><div class="battle-history">HJAD sent out <strong>Skarmory</strong>!<br></div><div class="spacer battle-history"><br></div><h2 class="battle-history">Turn 133</h2><div class="chat chatmessage-luigi"><strong style="color:#8f7428"><small>☆</small><span class="username" data-name="Luigi">Luigi</span>:</strong> <em>gg</em></div><div class="chat chatmessage-hjad"><strong style="color:#808e15"><small>☆</small><span class="username" data-name="HJAD">HJAD</span>:</strong> <em>gg</em></div><div class="spacer battle-history"><br></div><div class="battle-history">The opposing Skarmory used <strong>Curse</strong>!<br></div><div class="battle-history"><small>The opposing Skarmory's Speed fell!</small><br></div><div class="battle-history"><small>The opposing Skarmory's Attack rose!</small><br></div><div class="battle-history"><small>The opposing Skarmory's Defense rose!</small><br></div><div class="spacer battle-history"><br></div><div class="battle-history">Steelix used <strong>Curse</strong>!<br></div><div class="battle-history"><small>Steelix's Speed fell!</small><br></div><div class="battle-history"><small>Steelix's Attack rose!</small><br></div><div class="battle-history"><small>Steelix's Defense rose!</small><br></div><div class="spacer battle-history"><br></div><h2 class="battle-history">Turn 134</h2><div class="spacer battle-history"><br></div><div class="battle-history">The opposing Skarmory used <strong>Curse</strong>!<br></div><div class="battle-history"><small>The opposing Skarmory's Speed fell!</small><br></div><div class="battle-history"><small>The opposing Skarmory's Attack rose!</small><br></div><div class="battle-history"><small>The opposing Skarmory's Defense rose!</small><br></div><div class="spacer battle-history"><br></div><div class="battle-history">Steelix used <strong>Explosion</strong>!<br></div><div class="battle-history"><small>It's not very effective...</small><br></div><div class="battle-history"><small>(The opposing Skarmory lost <abbr title="−135/333">40.5%</abbr> of its health!)</small><br></div><div class="spacer battle-history"><br></div><div class="battle-history">Steelix fainted!<br></div><div class="spacer battle-history"><br></div><div class="battle-history">Go! <strong>Zapdos</strong>!<br></div><div class="spacer battle-history"><br></div><div class="battle-history"><small>Zapdos restored a little HP using its Leftovers!</small><br></div><div class="battle-history"><small>The opposing Skarmory restored a little HP using its Leftovers!</small><br></div><div class="spacer battle-history"><br></div><h2 class="battle-history">Turn 135</h2><div class="spacer battle-history"><br></div><div class="battle-history">Zapdos used <strong>Thunder</strong>!<br></div><div class="battle-history"><small>The opposing Skarmory avoided the attack!</small><br></div><div class="spacer battle-history"><br></div><div class="battle-history">The opposing Skarmory used <strong>Drill Peck</strong>!<br></div><div class="battle-history"><small>It's not very effective...</small><br></div><div class="battle-history"><small>(Zapdos lost <abbr title="−95/383">24.8%</abbr> of its health!)</small><br></div><div class="spacer battle-history"><br></div><div class="battle-history"><small>Zapdos restored a little HP using its Leftovers!</small><br></div><div class="battle-history"><small>The opposing Skarmory restored a little HP using its Leftovers!</small><br></div><div class="spacer battle-history"><br></div><h2 class="battle-history">Turn 136</h2><div class="spacer battle-history"><br></div><div class="battle-history">Zapdos used <strong>Thunder</strong>!<br></div><div class="battle-history"><small>It's super effective!</small><br></div><div class="battle-history"><small>(The opposing Skarmory lost <abbr title="−238/333">71.5%</abbr> of its health!)</small><br></div><div class="spacer battle-history"><br></div><div class="battle-history">The opposing Skarmory fainted!<br></div><div class="spacer battle-history"><br></div><div class="battle-history"><strong>Luigi</strong> won the battle!<br></div></div><div class="inner-preempt"></div></div></div>
</div>
<script>
let daily = Math.floor(Date.now()/1000/60/60/24);document.write('<script src="https://play.pokemonshowdown.com/js/replay-embed.js?version'+daily+'"></'+'script>');
</script>
