<!DOCTYPE html>
<meta charset="utf-8" />
<!-- version 1 -->
<title>[Gen 2] OU replay: Mr.378 vs. Roro</title>
<style>
html,body {font-family:Verdana, sans-serif;font-size:10pt;margin:0;padding:0;}body{padding:12px 0;} .battle-log {font-family:Verdana, sans-serif;font-size:10pt;} .battle-log-inline {border:1px solid #AAAAAA;background:#EEF2F5;color:black;max-width:640px;margin:0 auto 80px;padding-bottom:5px;} .battle-log .inner {padding:4px 8px 0px 8px;} .battle-log .inner-preempt {padding:0 8px 4px 8px;} .battle-log .inner-after {margin-top:0.5em;} .battle-log h2 {margin:0.5em -8px;padding:4px 8px;border:1px solid #AAAAAA;background:#E0E7EA;border-left:0;border-right:0;font-family:Verdana, sans-serif;font-size:13pt;} .battle-log .chat {vertical-align:middle;padding:3px 0 3px 0;font-size:8pt;} .battle-log .chat strong {color:#40576A;} .battle-log .chat em {padding:1px 4px 1px 3px;color:#000000;font-style:normal;} .chat.mine {background:rgba(0,0,0,0.05);margin-left:-8px;margin-right:-8px;padding-left:8px;padding-right:8px;} .spoiler {color:#BBBBBB;background:#BBBBBB;padding:0px 3px;} .spoiler:hover, .spoiler:active, .spoiler-shown {color:#000000;background:#E2E2E2;padding:0px 3px;} .spoiler a {color:#BBBBBB;} .spoiler:hover a, .spoiler:active a, .spoiler-shown a {color:#2288CC;} .chat code, .chat .spoiler:hover code, .chat .spoiler:active code, .chat .spoiler-shown code {border:1px solid #C0C0C0;background:#EEEEEE;color:black;padding:0 2px;} .chat .spoiler code {border:1px solid #CCCCCC;background:#CCCCCC;color:#CCCCCC;} .battle-log .rated {padding:3px 4px;} .battle-log .rated strong {color:white;background:#89A;padding:1px 4px;border-radius:4px;} .spacer {margin-top:0.5em;} .message-announce {background:#6688AA;color:white;padding:1px 4px 2px;} .message-announce a, .broadcast-green a, .broadcast-blue a, .broadcast-red a {color:#DDEEFF;} .broadcast-green {background-color:#559955;color:white;padding:2px 4px;} .broadcast-blue {background-color:#6688AA;color:white;padding:2px 4px;} .infobox {border:1px solid #6688AA;padding:2px 4px;} .infobox-limited {max-height:200px;overflow:auto;overflow-x:hidden;} .broadcast-red {background-color:#AA5544;color:white;padding:2px 4px;} .message-learn-canlearn {font-weight:bold;color:#228822;text-decoration:underline;} .message-learn-cannotlearn {font-weight:bold;color:#CC2222;text-decoration:underline;} .message-effect-weak {font-weight:bold;color:#CC2222;} .message-effect-resist {font-weight:bold;color:#6688AA;} .message-effect-immune {font-weight:bold;color:#666666;} .message-learn-list {margin-top:0;margin-bottom:0;} .message-throttle-notice, .message-error {color:#992222;} .message-overflow, .chat small.message-overflow {font-size:0pt;} .message-overflow::before {font-size:9pt;content:'...';} .subtle {color:#3A4A66;}
</style>
<div class="wrapper replay-wrapper" style="max-width:1180px;margin:0 auto">
<input type="hidden" name="replayid" value="smogtours-gen2ou-299469" />
<div class="battle"></div><div class="battle-log"></div><div class="replay-controls"></div><div class="replay-controls-2"></div>
<h1 style="font-weight:normal;text-align:center"><strong>[Gen 2] OU</strong><br /><a href="http://pokemonshowdown.com/users/mr378" class="subtle" target="_blank">Mr.378</a> vs. <a href="http://pokemonshowdown.com/users/roro" class="subtle" target="_blank">Roro</a></h1>
<script type="text/plain" class="battle-log-data">|J|Mr.378
|J|Roro
|player|p1|Mr.378|238
|teamsize|p1|6
|player|p2|Roro|98
|teamsize|p2|6
|gametype|singles
|gen|2
|tier|[Gen 2] OU
|seed|20751,62298,54526,60121
|rule|Sleep Clause Mod: Limit one foe put to sleep
|rule|Species Clause: Limit one of each Pokémon
|rule|OHKO Clause: OHKO moves are banned
|rule|Evasion Moves Clause: Evasion moves are banned
|rule|HP Percentage Mod: HP is shown in percentages
|
|start
|switch|p1a: Nidoking378|Nidoking, M|365\/365
|switch|p2a: superstitious|Snorlax, M|523\/523
|turn|1
|J|Pohjis
|J|Ojama
|J|THE PDC SHOW
|J|Cdumas
|J|obii ∫
|J|Peasounay
|J|urban
|J|xJoelituh
|J|giara ★_★
|J|TheThorn
|J|Zaettsu
|J|flcl
|J|marcop9923
|J|LIVE LOVE LIVIO
|J|Century Express
|J|Kingler12345
|J|tigersjaw
|c|☆Mr.378|hf
|J|mael
|c|+Peasounay|enculé
|c|☆Roro|gl
|J|R!cardo
|J|Blackoblivion
|J|choolio iglesias
|J|djadja
|J|s$Santu$
|J|Esteemed User
|J|Gunner Rohan
|L|marcop9923
|J|Mounts
|J|Finchinator
|J|hyogafodex
|J|Rampecker
|J|Enki❄
|J|Subject 18
|J|SOULWIND❄
|L|Enki❄
|c|+Mounts|allez là
|J|Simiatic
|J|Bouff
|J|zija
|J|bop dash space
|J|BOMBER☻
|raw|<div class="broadcast-red"><strong>Moderated chat was set to %!<\/strong><br \/>Only users of rank % and higher can talk.<\/div>
|J|Mandex~
|choice|move thief|switch 5
|
|switch|p2a: powervolt|Zapdos|383\/383
|move|p1a: Nidoking378|Thief|p2a: powervolt
|-damage|p2a: powervolt|351\/383
|-item|p1a: Nidoking378|Leftovers|[from] move: Thief|[of] p2a: powervolt
|
|upkeep
|turn|2
|L|s$Santu$
|J|leru
|J|Moony
|J|Kit10*
|inactive|Battle timer is ON: inactive players will automatically lose when time's up. (requested by Esteemed User)
|J|King Kadoobz
|J|ludicrousman
|J|tsunderestruck
|J|Freeroamer❄️
|J|Eo
|J|clueless
|J|Exiline
|J|Zephir
|J|TDK
|J|Help1
|J|The Idiot Ninja
|choice|switch 2|move hiddenpower
|
|switch|p1a: Snorlax378|Snorlax, M|523\/523
|move|p2a: powervolt|Hidden Power|p1a: Snorlax378
|-crit|p1a: Snorlax378
|-damage|p1a: Snorlax378|402\/523
|
|-heal|p1a: Snorlax378|434\/523|[from] item: Leftovers
|upkeep
|turn|3
|J|a heros destiny
|J|Blightbringerr
|J|Zokuru ☭
|J|tamahome
|choice|move curse|move thunder
|
|move|p2a: powervolt|Thunder|p1a: Snorlax378
|-damage|p1a: Snorlax378|269\/523
|move|p1a: Snorlax378|Curse|p1a: Snorlax378
|-unboost|p1a: Snorlax378|spe|1
|-boost|p1a: Snorlax378|atk|1
|-boost|p1a: Snorlax378|def|1
|
|-heal|p1a: Snorlax378|301\/523|[from] item: Leftovers
|upkeep
|turn|4
|J|Vore Gidal
|choice|move lovelykiss|switch 6
|
|switch|p2a: exoskeleton|Cloyster, M|303\/303
|move|p1a: Snorlax378|Lovely Kiss|p2a: exoskeleton|[miss]
|-miss|p1a: Snorlax378|p2a: exoskeleton
|
|-heal|p1a: Snorlax378|333\/523|[from] item: Leftovers
|upkeep
|turn|5
|J|kory2600""
|J|SOMALIA
|J|ARRIBAESPANA
|L|ARRIBAESPANA
|L|clueless
|L|Zokuru ☭
|c|☆Mr.378|Sad
|J|clueless
|J|Xirak
|J|Eien
|J|ARRIBAESPANA
|J|DiggerSR ◕‿◕
|J|Boygirl Next Door
|J|Teclis
|J|Cristal ☭☭☭
|L|DiggerSR ◕‿◕
|J|I'm Rick Astley
|J|Updated Kanto
|choice|move lovelykiss|move spikes
|
|move|p2a: exoskeleton|Spikes|p1a: Snorlax378
|-sidestart|p1: Mr.378|Spikes
|move|p1a: Snorlax378|Lovely Kiss|p2a: exoskeleton
|-status|p2a: exoskeleton|slp
|
|-heal|p1a: Snorlax378|365\/523|[from] item: Leftovers
|upkeep
|turn|6
|J|Reymedy×
|choice|move bodyslam|move surf
|
|cant|p2a: exoskeleton|slp
|move|p1a: Snorlax378|Body Slam|p2a: exoskeleton
|-damage|p2a: exoskeleton|191\/303 slp
|
|-heal|p2a: exoskeleton|209\/303 slp|[from] item: Leftovers
|-heal|p1a: Snorlax378|397\/523|[from] item: Leftovers
|upkeep
|turn|7
|J|Holiday
|J|p12023044
|J|Pearl ❤
|J|ChillShadow
|J|LUCK>SKILL
|J|GOAO
|L|Holiday
|J|Ban♪Manaphy
|J|marrano
|J|tttft
|J|Raiza
|J|Lavos
|choice|move curse|switch 4
|
|switch|p2a: gaia|Steelix, M|353\/353
|move|p1a: Snorlax378|Curse|p1a: Snorlax378
|-unboost|p1a: Snorlax378|spe|1
|-boost|p1a: Snorlax378|atk|1
|-boost|p1a: Snorlax378|def|1
|
|-heal|p1a: Snorlax378|429\/523|[from] item: Leftovers
|upkeep
|turn|8
|J|PokemonMasterTJ
|J|DawnofaNewSpawn
|choice|move bodyslam|move roar
|
|move|p1a: Snorlax378|Body Slam|p2a: gaia
|-resisted|p2a: gaia
|-damage|p2a: gaia|294\/353
|-status|p2a: gaia|par
|cant|p2a: gaia|par
|
|-heal|p1a: Snorlax378|461\/523|[from] item: Leftovers
|-heal|p2a: gaia|316\/353 par|[from] item: Leftovers
|upkeep
|turn|9
|J|Heroic Troller
|choice|move bodyslam|move roar
|
|move|p1a: Snorlax378|Body Slam|p2a: gaia
|-resisted|p2a: gaia
|-damage|p2a: gaia|250\/353 par
|move|p2a: gaia|Roar|p1a: Snorlax378
|drag|p1a: Nidoking378|Nidoking, M|365\/365
|-damage|p1a: Nidoking378|320\/365|[from] Spikes
|
|-heal|p1a: Nidoking378|342\/365|[from] item: Leftovers
|-heal|p2a: gaia|272\/353 par|[from] item: Leftovers
|upkeep
|turn|10
|choice|switch 5|switch 5
|
|switch|p1a: Cloyster378|Cloyster, M|287\/287
|-damage|p1a: Cloyster378|252\/287|[from] Spikes
|switch|p2a: superstitious|Snorlax, M|523\/523
|
|-heal|p1a: Cloyster378|269\/287|[from] item: Leftovers
|upkeep
|turn|11
|L|Raiza
|J|Raiza
|J|lax
|L|TheThorn
|J|iLoseRoundOne
|L|iLoseRoundOne
|L|tsunderestruck
|L|p12023044
|choice|move spikes|move thunder
|
|move|p1a: Cloyster378|Spikes|p2a: superstitious
|-sidestart|p2: Roro|Spikes
|move|p2a: superstitious|Thunder|p1a: Cloyster378|[miss]
|-miss|p2a: superstitious|p1a: Cloyster378
|
|-heal|p1a: Cloyster378|286\/287|[from] item: Leftovers
|upkeep
|turn|12
|J|TheThorn
|J|Vileman
|J|trainerred 1256
|J|Shadowtags
|J|Lcans%$%
|J|p12023044
|J|WECAMEASROMANS
|J|starmaster
|L|ARRIBAESPANA
|J|ARRIBAESPANA
|J|Guilas Galinier
|L|ARRIBAESPANA
|L|Guilas Galinier
|L|a heros destiny
|J|Tom0410
|choice|move icebeam|switch 6
|
|switch|p2a: powervolt|Zapdos|351\/383
|move|p1a: Cloyster378|Ice Beam|p2a: powervolt
|-supereffective|p2a: powervolt
|-damage|p2a: powervolt|120\/383
|
|-heal|p1a: Cloyster378|287\/287|[from] item: Leftovers
|upkeep
|turn|13
|L|Ban♪Manaphy
|J|prajpran
|J|Tobes
|J|DeepBlueC ☂
|choice|switch 2|move thunder
|
|switch|p1a: Snorlax378|Snorlax, M|461\/523
|-damage|p1a: Snorlax378|396\/523|[from] Spikes
|move|p2a: powervolt|Thunder|p1a: Snorlax378
|-damage|p1a: Snorlax378|244\/523
|-status|p1a: Snorlax378|par
|
|-heal|p1a: Snorlax378|276\/523 par|[from] item: Leftovers
|upkeep
|turn|14
|choice|move selfdestruct|move rest
|
|move|p2a: powervolt|Rest|p2a: powervolt
|-status|p2a: powervolt|slp
|-heal|p2a: powervolt|383\/383 slp|[silent]
|-status|p2a: powervolt|slp|[from] move: Rest
|cant|p1a: Snorlax378|par
|
|-heal|p1a: Snorlax378|308\/523 par|[from] item: Leftovers
|upkeep
|turn|15
|choice|move selfdestruct|move sleeptalk
|
|cant|p2a: powervolt|slp
|move|p2a: powervolt|Sleep Talk|p2a: powervolt
|move|p2a: powervolt|Hidden Power|p1a: Snorlax378|[from]Sleep Talk
|-damage|p1a: Snorlax378|249\/523 par
|move|p1a: Snorlax378|Self-Destruct|p2a: powervolt
|-crit|p2a: powervolt
|-damage|p2a: powervolt|0 fnt
|faint|p2a: powervolt
|faint|p1a: Snorlax378
|J|CC) Misicloud
|L|CC) Misicloud
|J|Void
|J|a heros destiny
|J|Finding True Love
|L|Raiza
|choice|switch 6|switch 3
|
|switch|p1a: Tyranitar378|Tyranitar, M|403\/403
|switch|p2a: sharpshooter|Exeggutor, M|369\/369
|-damage|p1a: Tyranitar378|353\/403|[from] Spikes
|-damage|p2a: sharpshooter|323\/369|[from] Spikes
|
|-heal|p1a: Tyranitar378|378\/403|[from] item: Leftovers
|-heal|p2a: sharpshooter|346\/369|[from] item: Leftovers
|upkeep
|turn|16
|choice|move fireblast|move gigadrain
|
|move|p1a: Tyranitar378|Fire Blast|p2a: sharpshooter
|-crit|p2a: sharpshooter
|-supereffective|p2a: sharpshooter
|-damage|p2a: sharpshooter|0 fnt
|faint|p2a: sharpshooter
|L|Lcans%$%
|J|Ary
|J|Sken
|J|London Beats
|J|loud abovt us
|choice||switch 2
|
|switch|p2a: king's palace|Nidoking, M|365\/365
|-damage|p2a: king's palace|320\/365|[from] Spikes
|
|-heal|p2a: king's palace|342\/365|[from] item: Leftovers
|-heal|p1a: Tyranitar378|403\/403|[from] item: Leftovers
|upkeep
|turn|17
|J|Strealet❄
|J|DestinyUnknown
|J|Alexander%%%&
|J|ABR
|choice|switch 3|move earthquake
|
|switch|p1a: Zapdos378|Zapdos|383\/383
|move|p2a: king's palace|Earthquake|p1a: Zapdos378
|-immune|p1a: Zapdos378|[msg]
|
|-heal|p2a: king's palace|364\/365|[from] item: Leftovers
|upkeep
|turn|18
|J|Holiday
|J|SixPunchMan
|J|Ban♪Manaphy
|L|Holiday
|J|CC) Misicloud
|J|Ninjacalibur
|J|Holiday
|J|Zamrock
|L|The Idiot Ninja
|J|UvA-Chemist
|J|blinkboy
|L|Zamrock
|J|plasmagby
|choice|move hiddenpower|switch 6
|
|switch|p2a: superstitious|Snorlax, M|523\/523
|-damage|p2a: superstitious|458\/523|[from] Spikes
|move|p1a: Zapdos378|Hidden Power|p2a: superstitious
|-damage|p2a: superstitious|395\/523
|
|-heal|p2a: superstitious|427\/523|[from] item: Leftovers
|upkeep
|turn|19
|choice|move thunder|move earthquake
|
|move|p1a: Zapdos378|Thunder|p2a: superstitious
|-damage|p2a: superstitious|262\/523
|move|p2a: superstitious|Earthquake|p1a: Zapdos378
|-immune|p1a: Zapdos378|[msg]
|
|-heal|p2a: superstitious|294\/523|[from] item: Leftovers
|upkeep
|turn|20
|choice|move thunder|move earthquake
|
|move|p1a: Zapdos378|Thunder|p2a: superstitious
|-damage|p2a: superstitious|127\/523
|move|p2a: superstitious|Earthquake|p1a: Zapdos378
|-immune|p1a: Zapdos378|[msg]
|
|-heal|p2a: superstitious|159\/523|[from] item: Leftovers
|upkeep
|turn|21
|J|Spl4sh
|choice|move thunder|move selfdestruct
|
|move|p1a: Zapdos378|Thunder|p2a: superstitious
|-damage|p2a: superstitious|0 fnt
|faint|p2a: superstitious
|J|totallynotameme
|J|oh95
|J|Bushtush
|L|ABR
|J|Lcans%$%
|J|Korby'--'
|J|ayevon
|choice||switch 6
|
|switch|p2a: king's palace|Nidoking, M|364\/365
|-damage|p2a: king's palace|319\/365|[from] Spikes
|
|-heal|p2a: king's palace|341\/365|[from] item: Leftovers
|upkeep
|turn|22
|L|CC) Misicloud
|J|zebraiken
|choice|move hiddenpower|move lovelykiss
|
|move|p1a: Zapdos378|Hidden Power|p2a: king's palace
|-supereffective|p2a: king's palace
|-damage|p2a: king's palace|191\/365
|move|p2a: king's palace|Lovely Kiss|p1a: Zapdos378
|-status|p1a: Zapdos378|slp
|
|-heal|p2a: king's palace|213\/365|[from] item: Leftovers
|upkeep
|turn|23
|L|Tom0410
|J|Sakis
|choice|switch 3|move icebeam
|
|switch|p1a: Tyranitar378|Tyranitar, M|403\/403
|-damage|p1a: Tyranitar378|353\/403|[from] Spikes
|move|p2a: king's palace|Ice Beam|p1a: Tyranitar378
|-damage|p1a: Tyranitar378|282\/403
|
|-heal|p2a: king's palace|235\/365|[from] item: Leftovers
|-heal|p1a: Tyranitar378|307\/403|[from] item: Leftovers
|upkeep
|turn|24
|choice|move fireblast|move earthquake
|
|move|p2a: king's palace|Earthquake|p1a: Tyranitar378
|-supereffective|p1a: Tyranitar378
|-damage|p1a: Tyranitar378|79\/403
|move|p1a: Tyranitar378|Fire Blast|p2a: king's palace
|-damage|p2a: king's palace|129\/365
|
|-heal|p2a: king's palace|151\/365|[from] item: Leftovers
|-heal|p1a: Tyranitar378|104\/403|[from] item: Leftovers
|upkeep
|turn|25
|J|Tom0410
|choice|move fireblast|move earthquake
|
|move|p2a: king's palace|Earthquake|p1a: Tyranitar378
|-supereffective|p1a: Tyranitar378
|-damage|p1a: Tyranitar378|0 fnt
|faint|p1a: Tyranitar378
|choice|switch 4|
|
|switch|p1a: Machamp378|Machamp, M|375\/375
|-damage|p1a: Machamp378|329\/375|[from] Spikes
|
|-heal|p2a: king's palace|173\/365|[from] item: Leftovers
|-heal|p1a: Machamp378|352\/375|[from] item: Leftovers
|upkeep
|turn|26
|J|Exposed again
|J|pokemaniac livio
|J|EGalvanc
|J|H.M.N.I.P
|J|dukevesper
|choice|move earthquake|switch 4
|
|switch|p2a: exoskeleton|Cloyster, M|209\/303 slp
|-damage|p2a: exoskeleton|172\/303 slp|[from] Spikes
|move|p1a: Machamp378|Earthquake|p2a: exoskeleton
|-damage|p2a: exoskeleton|111\/303 slp
|
|-heal|p2a: exoskeleton|129\/303 slp|[from] item: Leftovers
|-heal|p1a: Machamp378|375\/375|[from] item: Leftovers
|upkeep
|turn|27
|L|p12023044
|J|imnotaliveanymore
|J|komet4
|L|Rampecker
|L|starmaster
|L|komet4
|choice|switch 2|move explosion
|
|switch|p1a: Cloyster378|Cloyster, M|287\/287
|-damage|p1a: Cloyster378|252\/287|[from] Spikes
|cant|p2a: exoskeleton|slp
|
|-heal|p1a: Cloyster378|269\/287|[from] item: Leftovers
|-heal|p2a: exoskeleton|147\/303 slp|[from] item: Leftovers
|upkeep
|turn|28
|J|starmaster
|choice|move hiddenpower|move toxic
|
|-curestatus|p2a: exoskeleton|slp|[msg]
|move|p2a: exoskeleton|Toxic|p1a: Cloyster378
|-status|p1a: Cloyster378|tox
|move|p1a: Cloyster378|Hidden Power|p2a: exoskeleton
|-supereffective|p2a: exoskeleton
|-damage|p2a: exoskeleton|0 fnt
|faint|p2a: exoskeleton
|J|p12023044
|choice||switch 4
|
|switch|p2a: king's palace|Nidoking, M|173\/365
|-damage|p2a: king's palace|128\/365|[from] Spikes
|
|-heal|p2a: king's palace|150\/365|[from] item: Leftovers
|-heal|p1a: Cloyster378|286\/287 tox|[from] item: Leftovers
|upkeep
|turn|29
|choice|move icebeam|move thunder
|
|move|p2a: king's palace|Thunder|p1a: Cloyster378|[miss]
|-miss|p2a: king's palace|p1a: Cloyster378
|move|p1a: Cloyster378|Ice Beam|p2a: king's palace
|-supereffective|p2a: king's palace
|-damage|p2a: king's palace|0 fnt
|faint|p2a: king's palace
|choice||switch 5
|
|switch|p2a: gaia|Steelix, M|272\/353 par
|-damage|p2a: gaia|228\/353 par|[from] Spikes
|
|-heal|p1a: Cloyster378|287\/287 tox|[from] item: Leftovers
|-heal|p2a: gaia|250\/353 par|[from] item: Leftovers
|upkeep
|turn|30
|choice|move icebeam|move explosion
|
|move|p1a: Cloyster378|Ice Beam|p2a: gaia
|-damage|p2a: gaia|121\/353 par
|-damage|p1a: Cloyster378|270\/287 tox|[from] tox|[of] p2a: gaia
|cant|p2a: gaia|par
|
|-heal|p1a: Cloyster378|287\/287 tox|[from] item: Leftovers
|-heal|p2a: gaia|143\/353 par|[from] item: Leftovers
|upkeep
|turn|31
|J|SamuelBesttt
|choice|move icebeam|move explosion
|
|move|p1a: Cloyster378|Ice Beam|p2a: gaia
|-damage|p2a: gaia|4\/353 par
|-damage|p1a: Cloyster378|253\/287 tox|[from] tox|[of] p2a: gaia
|move|p2a: gaia|Explosion|p1a: Cloyster378
|-damage|p1a: Cloyster378|23\/287 tox
|faint|p2a: gaia
|
|win|Mr.378
|c|☆Roro|gg
|L|Finchinator
|c|☆Mr.378|gg
|L|TheThorn
|L|marrano
|L|Mounts
|L|Vore Gidal
|L|giara ★_★
|L|welliou
|L|Teclis
|L|Peasounay
|L|zebraiken
|L|plasmagby
|L|Ojama
|L|GOAO
|J|LJDarkrai
|L|Tom0410
|J|gastro
|L|Simiatic
|L|Lavos
|L|I'm Rick Astley
|L|urban
|L|DawnofaNewSpawn
|L|London Beats
|L|BOMBER☻
|L|LJDarkrai
|L|starmaster
|L|gastro
|L|choolio iglesias
|L|zija
|L|Ninjacalibur
|L|H.M.N.I.P
|L|LUCK>SKILL
|L|THE PDC SHOW
|L|Moony
|L|SamuelBesttt
|J|The Idiot Ninja
|L|TDK
|L|lax
|L|Kit10*
|L|The Idiot Ninja
|L|Lcans%$%
|J|Tom0410
|L|ludicrousman
|L|Strealet❄
|L|Tom0410
|L|Updated Kanto
|J|Winona
|L|Help1
|L|a heros destiny
|L|flcl
|L|Eien
|L|DeepBlueC ☂
|L|Syl♥ie Lyyneheym
|L|Gunner Rohan
|L|totallynotameme
|L|Ban♪Manaphy
|L|Winona
|L|Korby'--'
|L|Blackoblivion
|L|Century Express
|L|tigersjaw
|L|Zaettsu
|L|trainerred 98989
|L|UvA-Chemist
|L|Sakis
|J|Mono Luce
|L|Mono Luce
|L|SixPunchMan
|L|Shadowtags
|L|Mandex~
|L|hyogafodex
|L|xJoelituh
|J|Jenn Brown
|L|Alexander%%%&
|L|Vileman
|L|DestinyUnknown
|L|Sken
|J|Majaspic22
|L|Holiday
|L|Reymedy×
|L|Cristal ☭☭☭
|L|Ary
|L|obii ∫
|L|Pohjis
|L|blinkboy
|L|pokemaniac livio
|L|oh95
|L|ayevon
|L|SOULWIND❄
|L|Jenn Brown
|L|Boygirl Next Door
|L|Bouff
|L|tamahome
|L|Void
|J|Prague Kick
|L|Xirak
|L|Exiline
|L|Prague Kick
|L|EGalvanc
|L|ChillShadow
|J|Staxi' !
|L|tttft
|L|Finding True Love
|J|Just Niko
|L|Staxi' !
|L|Eo
|L|kory2600""
|L|Cdumas
|L|Majaspic22
|L|Heroic Troller
|L|Subject 18
|J|London Beats
|L|London Beats
|L|leru
|L|Pearl ❤
|L|Just Niko
|L|Freeroamer❄️
|L|Bushtush
|L|clueless
|L|King Kadoobz
|L|SOMALIA
|L|Esteemed User
|L|mael
|L|dukevesper
|L|bop dash space
|J|harry potteh
|L|harry potteh
|L|imnotaliveanymore
|L|Blightbringerr
|L|loud abovt us
|L|WECAMEASROMANS
|L|R!cardo
|J|Gummysaurus
|L|Gummysaurus
|L|Roro
|L|Spl4sh
|L|Zephir
|L|Tobes
|J|blunderr
|L|PokemonMasterTJ
|L|prajpran
|L|blunderr
|J|Eren.
|L|Eren.
|L|Ace11
|J|ShroobDX
|L|p12023044
|L|ShroobDX</script>
</div>
<div class="battle-log battle-log-inline"><div class="inner"><div class="battle-options"></div><div class="inner"><div class=""><small>Format:</small> <br><strong>[Gen 2] OU</strong></div><div class=""><small><em>Sleep Clause Mod:</em> Limit one foe put to sleep</small></div><div class=""><small><em>Species Clause:</em> Limit one of each Pokémon</small></div><div class=""><small><em>OHKO Clause:</em> OHKO moves are banned</small></div><div class=""><small><em>Evasion Moves Clause:</em> Evasion moves are banned</small></div><div class=""><small><em>HP Percentage Mod:</em> HP is shown in percentages</small></div><div class="spacer battle-history"><br></div><div class="battle-history">Battle started between Mr.378 and Roro!<br></div><div class="spacer battle-history"><br></div><div class="battle-history">Go! Nidoking378 (<strong>Nidoking</strong>)!<br></div><div class="spacer battle-history"><br></div><div class="battle-history">Roro sent out superstitious (<strong>Snorlax</strong>)!<br></div><div class="spacer battle-history"><br></div><h2 class="battle-history">Turn 1</h2><div class="chat chatmessage-mr378"><strong style="color:#909217"><small>☆</small><span class="username" data-name="Mr.378">Mr.378</span>:</strong> <em>hf</em></div><div class="chat chatmessage-peasounay"><strong style="color:#b58445"><small>+</small><span class="username" data-name="Peasounay">Peasounay</span>:</strong> <em>enculé</em></div><div class="chat chatmessage-roro"><strong style="color:#5c6ce3"><small>☆</small><span class="username" data-name="Roro">Roro</span>:</strong> <em>gl</em></div><div class="chat chatmessage-mounts"><strong style="color:#7aa329"><small>+</small><span class="username" data-name="Mounts">Mounts</span>:</strong> <em>allez là</em></div><div class="chat"><div class="broadcast-red"><strong>Moderated chat was set to %!</strong><br>Only users of rank % and higher can talk.</div></div><div class="spacer battle-history"><br></div><div class="battle-history">Roro withdrew superstitious!<br></div><div class="battle-history">Roro sent out powervolt (<strong>Zapdos</strong>)!<br></div><div class="spacer battle-history"><br></div><div class="battle-history">Nidoking378 used <strong>Thief</strong>!<br></div><div class="battle-history"><small>(The opposing powervolt lost <abbr title="−32/383">8.4%</abbr> of its health!)</small><br></div><div class="battle-history"><small>Nidoking378 stole the opposing powervolt's Leftovers!</small><br></div><div class="spacer battle-history"><br></div><h2 class="battle-history">Turn 2</h2><div class="chat message-error">Battle timer is ON: inactive players will automatically lose when time's up. (requested by Esteemed User)</div><div class="spacer battle-history"><br></div><div class="battle-history">Nidoking378, come back!<br></div><div class="battle-history">Go! Snorlax378 (<strong>Snorlax</strong>)!<br></div><div class="spacer battle-history"><br></div><div class="battle-history">The opposing powervolt used <strong>Hidden Power</strong>!<br></div><div class="battle-history"><small>A critical hit!</small><br></div><div class="battle-history"><small>(Snorlax378 lost <abbr title="−121/523">23.1%</abbr> of its health!)</small><br></div><div class="spacer battle-history"><br></div><div class="battle-history"><small>Snorlax378 restored a little HP using its Leftovers!</small><br></div><div class="spacer battle-history"><br></div><h2 class="battle-history">Turn 3</h2><div class="spacer battle-history"><br></div><div class="battle-history">The opposing powervolt used <strong>Thunder</strong>!<br></div><div class="battle-history"><small>(Snorlax378 lost <abbr title="−165/523">31.5%</abbr> of its health!)</small><br></div><div class="spacer battle-history"><br></div><div class="battle-history">Snorlax378 used <strong>Curse</strong>!<br></div><div class="battle-history"><small>Snorlax378's Speed fell!</small><br></div><div class="battle-history"><small>Snorlax378's Attack rose!</small><br></div><div class="battle-history"><small>Snorlax378's Defense rose!</small><br></div><div class="spacer battle-history"><br></div><div class="battle-history"><small>Snorlax378 restored a little HP using its Leftovers!</small><br></div><div class="spacer battle-history"><br></div><h2 class="battle-history">Turn 4</h2><div class="spacer battle-history"><br></div><div class="battle-history">Roro withdrew powervolt!<br></div><div class="battle-history">Roro sent out exoskeleton (<strong>Cloyster</strong>)!<br></div><div class="spacer battle-history"><br></div><div class="battle-history">Snorlax378 used <strong>Lovely Kiss</strong>!<br></div><div class="battle-history"><small>The opposing exoskeleton avoided the attack!</small><br></div><div class="spacer battle-history"><br></div><div class="battle-history"><small>Snorlax378 restored a little HP using its Leftovers!</small><br></div><div class="spacer battle-history"><br></div><h2 class="battle-history">Turn 5</h2><div class="chat chatmessage-mr378"><strong style="color:#909217"><small>☆</small><span class="username" data-name="Mr.378">Mr.378</span>:</strong> <em>Sad</em></div><div class="spacer battle-history"><br></div><div class="battle-history">The opposing exoskeleton used <strong>Spikes</strong>!<br></div><div class="battle-history"><small>Spikes were scattered on the ground all around your team!</small><br></div><div class="spacer battle-history"><br></div><div class="battle-history">Snorlax378 used <strong>Lovely Kiss</strong>!<br></div><div class="battle-history"><small>The opposing exoskeleton fell asleep!</small><br></div><div class="spacer battle-history"><br></div><div class="battle-history"><small>Snorlax378 restored a little HP using its Leftovers!</small><br></div><div class="spacer battle-history"><br></div><h2 class="battle-history">Turn 6</h2><div class="spacer battle-history"><br></div><div class="battle-history">The opposing exoskeleton is fast asleep.<br></div><div class="spacer battle-history"><br></div><div class="battle-history">Snorlax378 used <strong>Body Slam</strong>!<br></div><div class="battle-history"><small>(The opposing exoskeleton lost <abbr title="−112/303">37.0%</abbr> of its health!)</small><br></div><div class="spacer battle-history"><br></div><div class="battle-history"><small>The opposing exoskeleton restored a little HP using its Leftovers!</small><br></div><div class="battle-history"><small>Snorlax378 restored a little HP using its Leftovers!</small><br></div><div class="spacer battle-history"><br></div><h2 class="battle-history">Turn 7</h2><div class="spacer battle-history"><br></div><div class="battle-history">Roro withdrew exoskeleton!<br></div><div class="battle-history">Roro sent out gaia (<strong>Steelix</strong>)!<br></div><div class="spacer battle-history"><br></div><div class="battle-history">Snorlax378 used <strong>Curse</strong>!<br></div><div class="battle-history"><small>Snorlax378's Speed fell!</small><br></div><div class="battle-history"><small>Snorlax378's Attack rose!</small><br></div><div class="battle-history"><small>Snorlax378's Defense rose!</small><br></div><div class="spacer battle-history"><br></div><div class="battle-history"><small>Snorlax378 restored a little HP using its Leftovers!</small><br></div><div class="spacer battle-history"><br></div><h2 class="battle-history">Turn 8</h2><div class="spacer battle-history"><br></div><div class="battle-history">Snorlax378 used <strong>Body Slam</strong>!<br></div><div class="battle-history"><small>It's not very effective...</small><br></div><div class="battle-history"><small>(The opposing gaia lost <abbr title="−59/353">16.7%</abbr> of its health!)</small><br></div><div class="battle-history"><small>The opposing gaia is paralyzed! It may be unable to move!</small><br></div><div class="spacer battle-history"><br></div><div class="battle-history">The opposing gaia is paralyzed! It can't move!<br></div><div class="spacer battle-history"><br></div><div class="battle-history"><small>Snorlax378 restored a little HP using its Leftovers!</small><br></div><div class="battle-history"><small>The opposing gaia restored a little HP using its Leftovers!</small><br></div><div class="spacer battle-history"><br></div><h2 class="battle-history">Turn 9</h2><div class="spacer battle-history"><br></div><div class="battle-history">Snorlax378 used <strong>Body Slam</strong>!<br></div><div class="battle-history"><small>It's not very effective...</small><br></div><div class="battle-history"><small>(The opposing gaia lost <abbr title="−66/353">18.7%</abbr> of its health!)</small><br></div><div class="spacer battle-history"><br></div><div class="battle-history">The opposing gaia used <strong>Roar</strong>!<br></div><div class="spacer battle-history"><br></div><div class="battle-history">Nidoking378 (<strong>Nidoking</strong>) was dragged out!<br></div><div class="battle-history"><small>Nidoking378 was hurt by the spikes!</small><br></div><div class="spacer battle-history"><br></div><div class="battle-history"><small>Nidoking378 restored a little HP using its Leftovers!</small><br></div><div class="battle-history"><small>The opposing gaia restored a little HP using its Leftovers!</small><br></div><div class="spacer battle-history"><br></div><h2 class="battle-history">Turn 10</h2><div class="spacer battle-history"><br></div><div class="battle-history">Nidoking378, come back!<br></div><div class="battle-history">Go! Cloyster378 (<strong>Cloyster</strong>)!<br></div><div class="battle-history"><small>Cloyster378 was hurt by the spikes!</small><br></div><div class="spacer battle-history"><br></div><div class="battle-history">Roro withdrew gaia!<br></div><div class="battle-history">Roro sent out superstitious (<strong>Snorlax</strong>)!<br></div><div class="spacer battle-history"><br></div><div class="battle-history"><small>Cloyster378 restored a little HP using its Leftovers!</small><br></div><div class="spacer battle-history"><br></div><h2 class="battle-history">Turn 11</h2><div class="spacer battle-history"><br></div><div class="battle-history">Cloyster378 used <strong>Spikes</strong>!<br></div><div class="battle-history"><small>Spikes were scattered on the ground all around the opposing team!</small><br></div><div class="spacer battle-history"><br></div><div class="battle-history">The opposing superstitious used <strong>Thunder</strong>!<br></div><div class="battle-history"><small>Cloyster378 avoided the attack!</small><br></div><div class="spacer battle-history"><br></div><div class="battle-history"><small>Cloyster378 restored a little HP using its Leftovers!</small><br></div><div class="spacer battle-history"><br></div><h2 class="battle-history">Turn 12</h2><div class="spacer battle-history"><br></div><div class="battle-history">Roro withdrew superstitious!<br></div><div class="battle-history">Roro sent out powervolt (<strong>Zapdos</strong>)!<br></div><div class="spacer battle-history"><br></div><div class="battle-history">Cloyster378 used <strong>Ice Beam</strong>!<br></div><div class="battle-history"><small>It's super effective!</small><br></div><div class="battle-history"><small>(The opposing powervolt lost <abbr title="−231/383">60.3%</abbr> of its health!)</small><br></div><div class="spacer battle-history"><br></div><div class="battle-history"><small>Cloyster378 restored a little HP using its Leftovers!</small><br></div><div class="spacer battle-history"><br></div><h2 class="battle-history">Turn 13</h2><div class="spacer battle-history"><br></div><div class="battle-history">Cloyster378, come back!<br></div><div class="battle-history">Go! Snorlax378 (<strong>Snorlax</strong>)!<br></div><div class="battle-history"><small>Snorlax378 was hurt by the spikes!</small><br></div><div class="spacer battle-history"><br></div><div class="battle-history">The opposing powervolt used <strong>Thunder</strong>!<br></div><div class="battle-history"><small>(Snorlax378 lost <abbr title="−152/523">29.1%</abbr> of its health!)</small><br></div><div class="battle-history"><small>Snorlax378 is paralyzed! It may be unable to move!</small><br></div><div class="spacer battle-history"><br></div><div class="battle-history"><small>Snorlax378 restored a little HP using its Leftovers!</small><br></div><div class="spacer battle-history"><br></div><h2 class="battle-history">Turn 14</h2><div class="spacer battle-history"><br></div><div class="battle-history">The opposing powervolt used <strong>Rest</strong>!<br></div><div class="battle-history"><small>The opposing powervolt fell asleep!</small><br></div><div class="battle-history"><small>The opposing powervolt slept and became healthy!</small><br></div><div class="spacer battle-history"><br></div><div class="battle-history">Snorlax378 is paralyzed! It can't move!<br></div><div class="spacer battle-history"><br></div><div class="battle-history"><small>Snorlax378 restored a little HP using its Leftovers!</small><br></div><div class="spacer battle-history"><br></div><h2 class="battle-history">Turn 15</h2><div class="spacer battle-history"><br></div><div class="battle-history">The opposing powervolt is fast asleep.<br></div><div class="spacer battle-history"><br></div><div class="battle-history">The opposing powervolt used <strong>Sleep Talk</strong>!<br></div><div class="spacer battle-history"><br></div><div class="battle-history">The opposing powervolt used <strong>Hidden Power</strong>!<br></div><div class="battle-history"><small>(Snorlax378 lost <abbr title="−59/523">11.3%</abbr> of its health!)</small><br></div><div class="spacer battle-history"><br></div><div class="battle-history">Snorlax378 used <strong>Self-Destruct</strong>!<br></div><div class="battle-history"><small>A critical hit!</small><br></div><div class="battle-history"><small>(The opposing powervolt lost <abbr title="−383/383">100%</abbr> of its health!)</small><br></div><div class="spacer battle-history"><br></div><div class="battle-history">The opposing powervolt fainted!<br></div><div class="battle-history">Snorlax378 fainted!<br></div><div class="spacer battle-history"><br></div><div class="battle-history">Go! Tyranitar378 (<strong>Tyranitar</strong>)!<br></div><div class="spacer battle-history"><br></div><div class="battle-history">Roro sent out sharpshooter (<strong>Exeggutor</strong>)!<br></div><div class="battle-history"><small>Tyranitar378 was hurt by the spikes!</small><br></div><div class="battle-history"><small>The opposing sharpshooter was hurt by the spikes!</small><br></div><div class="spacer battle-history"><br></div><div class="battle-history"><small>Tyranitar378 restored a little HP using its Leftovers!</small><br></div><div class="battle-history"><small>The opposing sharpshooter restored a little HP using its Leftovers!</small><br></div><div class="spacer battle-history"><br></div><h2 class="battle-history">Turn 16</h2><div class="spacer battle-history"><br></div><div class="battle-history">Tyranitar378 used <strong>Fire Blast</strong>!<br></div><div class="battle-history"><small>A critical hit!</small><br></div><div class="battle-history"><small>It's super effective!</small><br></div><div class="battle-history"><small>(The opposing sharpshooter lost <abbr title="−346/369">93.8%</abbr> of its health!)</small><br></div><div class="spacer battle-history"><br></div><div class="battle-history">The opposing sharpshooter fainted!<br></div><div class="spacer battle-history"><br></div><div class="battle-history">Roro sent out king's palace (<strong>Nidoking</strong>)!<br></div><div class="battle-history"><small>The opposing king's palace was hurt by the spikes!</small><br></div><div class="spacer battle-history"><br></div><div class="battle-history"><small>The opposing king's palace restored a little HP using its Leftovers!</small><br></div><div class="battle-history"><small>Tyranitar378 restored a little HP using its Leftovers!</small><br></div><div class="spacer battle-history"><br></div><h2 class="battle-history">Turn 17</h2><div class="spacer battle-history"><br></div><div class="battle-history">Tyranitar378, come back!<br></div><div class="battle-history">Go! Zapdos378 (<strong>Zapdos</strong>)!<br></div><div class="spacer battle-history"><br></div><div class="battle-history">The opposing king's palace used <strong>Earthquake</strong>!<br></div><div class="battle-history"><small>It doesn't affect Zapdos378...</small><br></div><div class="spacer battle-history"><br></div><div class="battle-history"><small>The opposing king's palace restored a little HP using its Leftovers!</small><br></div><div class="spacer battle-history"><br></div><h2 class="battle-history">Turn 18</h2><div class="spacer battle-history"><br></div><div class="battle-history">Roro withdrew king's palace!<br></div><div class="battle-history">Roro sent out superstitious (<strong>Snorlax</strong>)!<br></div><div class="battle-history"><small>The opposing superstitious was hurt by the spikes!</small><br></div><div class="spacer battle-history"><br></div><div class="battle-history">Zapdos378 used <strong>Hidden Power</strong>!<br></div><div class="battle-history"><small>(The opposing superstitious lost <abbr title="−63/523">12.0%</abbr> of its health!)</small><br></div><div class="spacer battle-history"><br></div><div class="battle-history"><small>The opposing superstitious restored a little HP using its Leftovers!</small><br></div><div class="spacer battle-history"><br></div><h2 class="battle-history">Turn 19</h2><div class="spacer battle-history"><br></div><div class="battle-history">Zapdos378 used <strong>Thunder</strong>!<br></div><div class="battle-history"><small>(The opposing superstitious lost <abbr title="−165/523">31.5%</abbr> of its health!)</small><br></div><div class="spacer battle-history"><br></div><div class="battle-history">The opposing superstitious used <strong>Earthquake</strong>!<br></div><div class="battle-history"><small>It doesn't affect Zapdos378...</small><br></div><div class="spacer battle-history"><br></div><div class="battle-history"><small>The opposing superstitious restored a little HP using its Leftovers!</small><br></div><div class="spacer battle-history"><br></div><h2 class="battle-history">Turn 20</h2><div class="spacer battle-history"><br></div><div class="battle-history">Zapdos378 used <strong>Thunder</strong>!<br></div><div class="battle-history"><small>(The opposing superstitious lost <abbr title="−167/523">31.9%</abbr> of its health!)</small><br></div><div class="spacer battle-history"><br></div><div class="battle-history">The opposing superstitious used <strong>Earthquake</strong>!<br></div><div class="battle-history"><small>It doesn't affect Zapdos378...</small><br></div><div class="spacer battle-history"><br></div><div class="battle-history"><small>The opposing superstitious restored a little HP using its Leftovers!</small><br></div><div class="spacer battle-history"><br></div><h2 class="battle-history">Turn 21</h2><div class="spacer battle-history"><br></div><div class="battle-history">Zapdos378 used <strong>Thunder</strong>!<br></div><div class="battle-history"><small>(The opposing superstitious lost <abbr title="−159/523">30.4%</abbr> of its health!)</small><br></div><div class="spacer battle-history"><br></div><div class="battle-history">The opposing superstitious fainted!<br></div><div class="spacer battle-history"><br></div><div class="battle-history">Roro sent out king's palace (<strong>Nidoking</strong>)!<br></div><div class="battle-history"><small>The opposing king's palace was hurt by the spikes!</small><br></div><div class="spacer battle-history"><br></div><div class="battle-history"><small>The opposing king's palace restored a little HP using its Leftovers!</small><br></div><div class="spacer battle-history"><br></div><h2 class="battle-history">Turn 22</h2><div class="spacer battle-history"><br></div><div class="battle-history">Zapdos378 used <strong>Hidden Power</strong>!<br></div><div class="battle-history"><small>It's super effective!</small><br></div><div class="battle-history"><small>(The opposing king's palace lost <abbr title="−150/365">41.1%</abbr> of its health!)</small><br></div><div class="spacer battle-history"><br></div><div class="battle-history">The opposing king's palace used <strong>Lovely Kiss</strong>!<br></div><div class="battle-history"><small>Zapdos378 fell asleep!</small><br></div><div class="spacer battle-history"><br></div><div class="battle-history"><small>The opposing king's palace restored a little HP using its Leftovers!</small><br></div><div class="spacer battle-history"><br></div><h2 class="battle-history">Turn 23</h2><div class="spacer battle-history"><br></div><div class="battle-history">Zapdos378, come back!<br></div><div class="battle-history">Go! Tyranitar378 (<strong>Tyranitar</strong>)!<br></div><div class="battle-history"><small>Tyranitar378 was hurt by the spikes!</small><br></div><div class="spacer battle-history"><br></div><div class="battle-history">The opposing king's palace used <strong>Ice Beam</strong>!<br></div><div class="battle-history"><small>(Tyranitar378 lost <abbr title="−71/403">17.6%</abbr> of its health!)</small><br></div><div class="spacer battle-history"><br></div><div class="battle-history"><small>The opposing king's palace restored a little HP using its Leftovers!</small><br></div><div class="battle-history"><small>Tyranitar378 restored a little HP using its Leftovers!</small><br></div><div class="spacer battle-history"><br></div><h2 class="battle-history">Turn 24</h2><div class="spacer battle-history"><br></div><div class="battle-history">The opposing king's palace used <strong>Earthquake</strong>!<br></div><div class="battle-history"><small>It's super effective!</small><br></div><div class="battle-history"><small>(Tyranitar378 lost <abbr title="−228/403">56.6%</abbr> of its health!)</small><br></div><div class="spacer battle-history"><br></div><div class="battle-history">Tyranitar378 used <strong>Fire Blast</strong>!<br></div><div class="battle-history"><small>(The opposing king's palace lost <abbr title="−106/365">29.0%</abbr> of its health!)</small><br></div><div class="spacer battle-history"><br></div><div class="battle-history"><small>The opposing king's palace restored a little HP using its Leftovers!</small><br></div><div class="battle-history"><small>Tyranitar378 restored a little HP using its Leftovers!</small><br></div><div class="spacer battle-history"><br></div><h2 class="battle-history">Turn 25</h2><div class="spacer battle-history"><br></div><div class="battle-history">The opposing king's palace used <strong>Earthquake</strong>!<br></div><div class="battle-history"><small>It's super effective!</small><br></div><div class="battle-history"><small>(Tyranitar378 lost <abbr title="−104/403">25.8%</abbr> of its health!)</small><br></div><div class="spacer battle-history"><br></div><div class="battle-history">Tyranitar378 fainted!<br></div><div class="spacer battle-history"><br></div><div class="battle-history">Go! Machamp378 (<strong>Machamp</strong>)!<br></div><div class="battle-history"><small>Machamp378 was hurt by the spikes!</small><br></div><div class="spacer battle-history"><br></div><div class="battle-history"><small>The opposing king's palace restored a little HP using its Leftovers!</small><br></div><div class="battle-history"><small>Machamp378 restored a little HP using its Leftovers!</small><br></div><div class="spacer battle-history"><br></div><h2 class="battle-history">Turn 26</h2><div class="spacer battle-history"><br></div><div class="battle-history">Roro withdrew king's palace!<br></div><div class="battle-history">Roro sent out exoskeleton (<strong>Cloyster</strong>)!<br></div><div class="battle-history"><small>The opposing exoskeleton was hurt by the spikes!</small><br></div><div class="spacer battle-history"><br></div><div class="battle-history">Machamp378 used <strong>Earthquake</strong>!<br></div><div class="battle-history"><small>(The opposing exoskeleton lost <abbr title="−61/303">20.1%</abbr> of its health!)</small><br></div><div class="spacer battle-history"><br></div><div class="battle-history"><small>The opposing exoskeleton restored a little HP using its Leftovers!</small><br></div><div class="battle-history"><small>Machamp378 restored a little HP using its Leftovers!</small><br></div><div class="spacer battle-history"><br></div><h2 class="battle-history">Turn 27</h2><div class="spacer battle-history"><br></div><div class="battle-history">Machamp378, come back!<br></div><div class="battle-history">Go! Cloyster378 (<strong>Cloyster</strong>)!<br></div><div class="battle-history"><small>Cloyster378 was hurt by the spikes!</small><br></div><div class="spacer battle-history"><br></div><div class="battle-history">The opposing exoskeleton is fast asleep.<br></div><div class="spacer battle-history"><br></div><div class="battle-history"><small>Cloyster378 restored a little HP using its Leftovers!</small><br></div><div class="battle-history"><small>The opposing exoskeleton restored a little HP using its Leftovers!</small><br></div><div class="spacer battle-history"><br></div><h2 class="battle-history">Turn 28</h2><div class="spacer battle-history"><br></div><div class="battle-history"><small>The opposing exoskeleton woke up!</small><br></div><div class="spacer battle-history"><br></div><div class="battle-history">The opposing exoskeleton used <strong>Toxic</strong>!<br></div><div class="battle-history"><small>Cloyster378 was badly poisoned!</small><br></div><div class="spacer battle-history"><br></div><div class="battle-history">Cloyster378 used <strong>Hidden Power</strong>!<br></div><div class="battle-history"><small>It's super effective!</small><br></div><div class="battle-history"><small>(The opposing exoskeleton lost <abbr title="−147/303">48.5%</abbr> of its health!)</small><br></div><div class="spacer battle-history"><br></div><div class="battle-history">The opposing exoskeleton fainted!<br></div><div class="spacer battle-history"><br></div><div class="battle-history">Roro sent out king's palace (<strong>Nidoking</strong>)!<br></div><div class="battle-history"><small>The opposing king's palace was hurt by the spikes!</small><br></div><div class="spacer battle-history"><br></div><div class="battle-history"><small>The opposing king's palace restored a little HP using its Leftovers!</small><br></div><div class="battle-history"><small>Cloyster378 restored a little HP using its Leftovers!</small><br></div><div class="spacer battle-history"><br></div><h2 class="battle-history">Turn 29</h2><div class="spacer battle-history"><br></div><div class="battle-history">The opposing king's palace used <strong>Thunder</strong>!<br></div><div class="battle-history"><small>Cloyster378 avoided the attack!</small><br></div><div class="spacer battle-history"><br></div><div class="battle-history">Cloyster378 used <strong>Ice Beam</strong>!<br></div><div class="battle-history"><small>It's super effective!</small><br></div><div class="battle-history"><small>(The opposing king's palace lost <abbr title="−150/365">41.1%</abbr> of its health!)</small><br></div><div class="spacer battle-history"><br></div><div class="battle-history">The opposing king's palace fainted!<br></div><div class="spacer battle-history"><br></div><div class="battle-history">Roro sent out gaia (<strong>Steelix</strong>)!<br></div><div class="battle-history"><small>The opposing gaia was hurt by the spikes!</small><br></div><div class="spacer battle-history"><br></div><div class="battle-history"><small>Cloyster378 restored a little HP using its Leftovers!</small><br></div><div class="battle-history"><small>The opposing gaia restored a little HP using its Leftovers!</small><br></div><div class="spacer battle-history"><br></div><h2 class="battle-history">Turn 30</h2><div class="spacer battle-history"><br></div><div class="battle-history">Cloyster378 used <strong>Ice Beam</strong>!<br></div><div class="battle-history"><small>(The opposing gaia lost <abbr title="−129/353">36.5%</abbr> of its health!)</small><br></div><div class="battle-history"><small>Cloyster378 was hurt by poison!</small><br></div><div class="spacer battle-history"><br></div><div class="battle-history">The opposing gaia is paralyzed! It can't move!<br></div><div class="spacer battle-history"><br></div><div class="battle-history"><small>Cloyster378 restored a little HP using its Leftovers!</small><br></div><div class="battle-history"><small>The opposing gaia restored a little HP using its Leftovers!</small><br></div><div class="spacer battle-history"><br></div><h2 class="battle-history">Turn 31</h2><div class="spacer battle-history"><br></div><div class="battle-history">Cloyster378 used <strong>Ice Beam</strong>!<br></div><div class="battle-history"><small>(The opposing gaia lost <abbr title="−139/353">39.4%</abbr> of its health!)</small><br></div><div class="battle-history"><small>Cloyster378 was hurt by poison!</small><br></div><div class="spacer battle-history"><br></div><div class="battle-history">The opposing gaia used <strong>Explosion</strong>!<br></div><div class="battle-history"><small>(Cloyster378 lost <abbr title="−230/287">80.1%</abbr> of its health!)</small><br></div><div class="spacer battle-history"><br></div><div class="battle-history">The opposing gaia fainted!<br></div><div class="spacer battle-history"><br></div><div class="battle-history"><strong>Mr.378</strong> won the battle!<br></div><div class="chat chatmessage-roro"><strong style="color:#5c6ce3"><small>☆</small><span class="username" data-name="Roro">Roro</span>:</strong> <em>gg</em></div><div class="chat chatmessage-mr378"><strong style="color:#909217"><small>☆</small><span class="username" data-name="Mr.378">Mr.378</span>:</strong> <em>gg</em></div></div><div class="inner-preempt"></div></div></div>
</div>
<script>
let daily = Math.floor(Date.now()/1000/60/60/24);document.write('<script src="https://play.pokemonshowdown.com/js/replay-embed.js?version'+daily+'"></'+'script>');
</script>
