<!DOCTYPE html>
<meta charset="utf-8" />
<!-- version 1 -->
<title>[Gen 2] OU replay: Jimmy Turtwig vs. HODOR☼_☼</title>
<style>
html,body {font-family:Verdana, sans-serif;font-size:10pt;margin:0;padding:0;}body{padding:12px 0;} .battle-log {font-family:Verdana, sans-serif;font-size:10pt;} .battle-log-inline {border:1px solid #AAAAAA;background:#EEF2F5;color:black;max-width:640px;margin:0 auto 80px;padding-bottom:5px;} .battle-log .inner {padding:4px 8px 0px 8px;} .battle-log .inner-preempt {padding:0 8px 4px 8px;} .battle-log .inner-after {margin-top:0.5em;} .battle-log h2 {margin:0.5em -8px;padding:4px 8px;border:1px solid #AAAAAA;background:#E0E7EA;border-left:0;border-right:0;font-family:Verdana, sans-serif;font-size:13pt;} .battle-log .chat {vertical-align:middle;padding:3px 0 3px 0;font-size:8pt;} .battle-log .chat strong {color:#40576A;} .battle-log .chat em {padding:1px 4px 1px 3px;color:#000000;font-style:normal;} .chat.mine {background:rgba(0,0,0,0.05);margin-left:-8px;margin-right:-8px;padding-left:8px;padding-right:8px;} .spoiler {color:#BBBBBB;background:#BBBBBB;padding:0px 3px;} .spoiler:hover, .spoiler:active, .spoiler-shown {color:#000000;background:#E2E2E2;padding:0px 3px;} .spoiler a {color:#BBBBBB;} .spoiler:hover a, .spoiler:active a, .spoiler-shown a {color:#2288CC;} .chat code, .chat .spoiler:hover code, .chat .spoiler:active code, .chat .spoiler-shown code {border:1px solid #C0C0C0;background:#EEEEEE;color:black;padding:0 2px;} .chat .spoiler code {border:1px solid #CCCCCC;background:#CCCCCC;color:#CCCCCC;} .battle-log .rated {padding:3px 4px;} .battle-log .rated strong {color:white;background:#89A;padding:1px 4px;border-radius:4px;} .spacer {margin-top:0.5em;} .message-announce {background:#6688AA;color:white;padding:1px 4px 2px;} .message-announce a, .broadcast-green a, .broadcast-blue a, .broadcast-red a {color:#DDEEFF;} .broadcast-green {background-color:#559955;color:white;padding:2px 4px;} .broadcast-blue {background-color:#6688AA;color:white;padding:2px 4px;} .infobox {border:1px solid #6688AA;padding:2px 4px;} .infobox-limited {max-height:200px;overflow:auto;overflow-x:hidden;} .broadcast-red {background-color:#AA5544;color:white;padding:2px 4px;} .message-learn-canlearn {font-weight:bold;color:#228822;text-decoration:underline;} .message-learn-cannotlearn {font-weight:bold;color:#CC2222;text-decoration:underline;} .message-effect-weak {font-weight:bold;color:#CC2222;} .message-effect-resist {font-weight:bold;color:#6688AA;} .message-effect-immune {font-weight:bold;color:#666666;} .message-learn-list {margin-top:0;margin-bottom:0;} .message-throttle-notice, .message-error {color:#992222;} .message-overflow, .chat small.message-overflow {font-size:0pt;} .message-overflow::before {font-size:9pt;content:'...';} .subtle {color:#3A4A66;}
</style>
<div class="wrapper replay-wrapper" style="max-width:1180px;margin:0 auto">
<input type="hidden" name="replayid" value="smogtours-gen2ou-260004" />
<div class="battle"></div><div class="battle-log"></div><div class="replay-controls"></div><div class="replay-controls-2"></div>
<h1 style="font-weight:normal;text-align:center"><strong>[Gen 2] OU</strong><br /><a href="http://pokemonshowdown.com/users/jimmyturtwig" class="subtle" target="_blank">Jimmy Turtwig</a> vs. <a href="http://pokemonshowdown.com/users/hodor" class="subtle" target="_blank">HODOR☼_☼</a></h1>
<script type="text/plain" class="battle-log-data">|inactive|Battle timer is ON: inactive players will automatically lose when time's up.
|J|Jimmy Turtwig
|J|HODOR☼_☼
|player|p1|Jimmy Turtwig|164
|player|p2|HODOR☼_☼|2
|gametype|singles
|gen|2
|tier|[Gen 2] OU
|seed|45204,1612,38279,32561
|rule|Sleep Clause Mod: Limit one foe put to sleep
|rule|Species Clause: Limit one of each Pokémon
|rule|OHKO Clause: OHKO moves are banned
|rule|Evasion Moves Clause: Evasion moves are banned
|rule|HP Percentage Mod: HP is shown in percentages
|
|start
|switch|p1a: Raikou|Raikou|383\/383
|switch|p2a: HODOR|Zapdos|383\/383
|turn|1
|J|Seeergi
|J|mountain pyre
|J|giara ★_★
|J|finally✿
|J|sonic a istanbul
|J|LIBERTY32
|J|Tony
|J|Astamatitos
|J|Rem
|J|Zamrock
|J|urban
|J|iamgingy
|J|choolio iglesias
|c|+Tony|HANDSOME JIMMY
|L|Zamrock
|J|kratosmana
|c|%kratosmana|jimmyyy
|J|plumberjack
|J|FLCL
|choice|move thunder|switch 5
|
|switch|p2a: HOLD THE DOOR|Rhydon, M|413\/413
|move|p1a: Raikou|Thunder|p2a: HOLD THE DOOR
|-immune|p2a: HOLD THE DOOR|[msg]
|
|upkeep
|turn|2
|c|☆HODOR☼_☼|oh
|c|☆HODOR☼_☼|the cancel button
|c|☆HODOR☼_☼|doesnt work
|c|☆Jimmy Turtwig|y
|c|☆HODOR☼_☼|rip
|c|☆Jimmy Turtwig|think before clicking D:
|J|LUCK>SKILL
|J|hairy toenail
|J|Luigi
|L|sonic a istanbul
|J|Funkasaurus
|J|klefkiholder
|J|Ciele
|c|☆HODOR☼_☼|welp thats kind of lame
|J|slurmz
|J|Anty
|J|soulgazer
|L|Luigi
|J|Mizuhime
|J|reyscarface
|c|+slurmz|HODOR
|choice|switch 3|switch 4
|
|switch|p1a: Skarmory|Skarmory, M|333\/333
|switch|p2a: HOLD DA DOOR|Cloyster, M|287\/287
|
|upkeep
|turn|3
|J|Cdumas
|J|Pearl ☆_◕
|L|iamgingy
|raw|<div class="broadcast-red"><b>Moderated chat was set to @!<\/b><br \/>Only users of rank @ and higher can talk.<\/div>
|c|☆Jimmy Turtwig|heh i cancelled too
|J|0M0M
|J|HANTSUKI
|c|☆Jimmy Turtwig|ok 1 each
|J|ZoroDark
|choice|switch 5|move spikes
|
|switch|p1a: Cloyster|Cloyster, M|287\/287
|move|p2a: HOLD DA DOOR|Spikes|p1a: Cloyster
|-sidestart|p1: Jimmy Turtwig|Spikes
|
|upkeep
|turn|4
|J|DESTINY DEVICE
|choice|move spikes|move hiddenpower
|
|move|p1a: Cloyster|Spikes|p2a: HOLD DA DOOR
|-sidestart|p2: HODOR☼_☼|Spikes
|move|p2a: HOLD DA DOOR|Hidden Power|p1a: Cloyster
|-supereffective|p1a: Cloyster
|-damage|p1a: Cloyster|134\/287
|
|-heal|p1a: Cloyster|151\/287|[from] item: Leftovers
|upkeep
|turn|5
|J|ParkLife
|J|FINCHINATOR
|J|Raiza
|L|FINCHINATOR
|choice|switch 3|move hiddenpower
|
|switch|p1a: Raikou|Raikou|383\/383
|-damage|p1a: Raikou|336\/383|[from] Spikes
|move|p2a: HOLD DA DOOR|Hidden Power|p1a: Raikou
|-resisted|p1a: Raikou
|-damage|p1a: Raikou|311\/383
|
|-heal|p1a: Raikou|334\/383|[from] item: Leftovers
|upkeep
|turn|6
|J|MetalGro$$
|L|MetalGro$$
|J|schnee von gestern
|J|Memoric
|J|sonic a istanbul
|choice|move thunder|switch 4
|
|switch|p2a: HOLD THE DOOR|Rhydon, M|413\/413
|-damage|p2a: HOLD THE DOOR|362\/413|[from] Spikes
|move|p1a: Raikou|Thunder|p2a: HOLD THE DOOR
|-immune|p2a: HOLD THE DOOR|[msg]
|
|-heal|p1a: Raikou|357\/383|[from] item: Leftovers
|-heal|p2a: HOLD THE DOOR|387\/413|[from] item: Leftovers
|upkeep
|turn|7
|choice|switch 6|move earthquake
|
|switch|p1a: Heracross|Heracross, M|363\/363
|-damage|p1a: Heracross|318\/363|[from] Spikes
|move|p2a: HOLD THE DOOR|Earthquake|p1a: Heracross
|-resisted|p1a: Heracross
|-damage|p1a: Heracross|235\/363
|
|-heal|p1a: Heracross|257\/363|[from] item: Leftovers
|-heal|p2a: HOLD THE DOOR|412\/413|[from] item: Leftovers
|upkeep
|turn|8
|J|Bleach
|L|Bleach
|choice|move seismictoss|move roar
|
|move|p1a: Heracross|Seismic Toss|p2a: HOLD THE DOOR
|-damage|p2a: HOLD THE DOOR|312\/413
|move|p2a: HOLD THE DOOR|Roar|p1a: Heracross
|drag|p1a: Raikou|Raikou|357\/383
|-damage|p1a: Raikou|310\/383|[from] Spikes
|
|-heal|p1a: Raikou|333\/383|[from] item: Leftovers
|-heal|p2a: HOLD THE DOOR|337\/413|[from] item: Leftovers
|upkeep
|turn|9
|J|dk
|L|Memoric
|J|FINCHINATOR
|J|Memoric
|choice|switch 6|move earthquake
|
|switch|p1a: Heracross|Heracross, M|257\/363
|-damage|p1a: Heracross|212\/363|[from] Spikes
|move|p2a: HOLD THE DOOR|Earthquake|p1a: Heracross
|-resisted|p1a: Heracross
|-damage|p1a: Heracross|123\/363
|
|-heal|p1a: Heracross|145\/363|[from] item: Leftovers
|-heal|p2a: HOLD THE DOOR|362\/413|[from] item: Leftovers
|upkeep
|turn|10
|choice|move megahorn|move curse
|
|move|p1a: Heracross|Megahorn|p2a: HOLD THE DOOR
|-damage|p2a: HOLD THE DOOR|212\/413
|move|p2a: HOLD THE DOOR|Curse|p2a: HOLD THE DOOR
|-unboost|p2a: HOLD THE DOOR|spe|1
|-boost|p2a: HOLD THE DOOR|atk|1
|-boost|p2a: HOLD THE DOOR|def|1
|
|-heal|p1a: Heracross|167\/363|[from] item: Leftovers
|-heal|p2a: HOLD THE DOOR|237\/413|[from] item: Leftovers
|upkeep
|turn|11
|J|feel da rain
|L|FINCHINATOR
|J|B KC
|L|ParkLife
|J|MetalGro$$
|J|smogon grand slam
|J|Luigi
|J|dodmen
|L|Luigi
|J|Devil Patchy
|J|Shadestep
|choice|switch 4|move roar
|
|switch|p1a: Snorlax|Snorlax, M|523\/523
|-damage|p1a: Snorlax|458\/523|[from] Spikes
|move|p2a: HOLD THE DOOR|Roar|p1a: Snorlax
|drag|p1a: Raikou|Raikou|333\/383
|-damage|p1a: Raikou|286\/383|[from] Spikes
|
|-heal|p1a: Raikou|309\/383|[from] item: Leftovers
|-heal|p2a: HOLD THE DOOR|262\/413|[from] item: Leftovers
|upkeep
|turn|12
|J|fgfhkjhfkf
|J|herman link
|choice|switch 5|move rockslide
|
|switch|p1a: Skarmory|Skarmory, M|333\/333
|move|p2a: HOLD THE DOOR|Rock Slide|p1a: Skarmory
|-damage|p1a: Skarmory|201\/333
|
|-heal|p1a: Skarmory|221\/333|[from] item: Leftovers
|-heal|p2a: HOLD THE DOOR|287\/413|[from] item: Leftovers
|upkeep
|turn|13
|J|THE PDC SHOW
|choice|move whirlwind|move roar
|
|move|p1a: Skarmory|Whirlwind|p2a: HOLD THE DOOR
|-fail|p2a: HOLD THE DOOR
|move|p2a: HOLD THE DOOR|Roar|p1a: Skarmory
|drag|p1a: Snorlax|Snorlax, M|458\/523
|-damage|p1a: Snorlax|393\/523|[from] Spikes
|
|-heal|p1a: Snorlax|425\/523|[from] item: Leftovers
|-heal|p2a: HOLD THE DOOR|312\/413|[from] item: Leftovers
|upkeep
|turn|14
|choice|move lovelykiss|move rockslide
|
|move|p1a: Snorlax|Lovely Kiss|p2a: HOLD THE DOOR
|-status|p2: HOLD THE DOOR|slp
|cant|p2: HOLD THE DOOR|slp
|
|-heal|p1a: Snorlax|457\/523|[from] item: Leftovers
|-heal|p2a: HOLD THE DOOR|337\/413 slp|[from] item: Leftovers
|upkeep
|turn|15
|choice|switch 3|move roar
|
|switch|p1a: Cloyster|Cloyster, M|151\/287
|-damage|p1a: Cloyster|116\/287|[from] Spikes
|cant|p2: HOLD THE DOOR|slp
|
|-heal|p1a: Cloyster|133\/287|[from] item: Leftovers
|-heal|p2a: HOLD THE DOOR|362\/413 slp|[from] item: Leftovers
|upkeep
|turn|16
|choice|move rapidspin|switch 4
|
|switch|p2a: HOLD DA DOOR|Cloyster, M|287\/287
|-damage|p2a: HOLD DA DOOR|252\/287|[from] Spikes
|move|p1a: Cloyster|Rapid Spin|p2a: HOLD DA DOOR
|-damage|p2a: HOLD DA DOOR|242\/287
|-sideend|p1: Jimmy Turtwig|Spikes|[from] move: Rapid Spin|[of] p1a: Cloyster
|
|-heal|p1a: Cloyster|150\/287|[from] item: Leftovers
|-heal|p2a: HOLD DA DOOR|259\/287|[from] item: Leftovers
|upkeep
|turn|17
|choice|move hiddenpower|move spikes
|
|move|p2a: HOLD DA DOOR|Spikes|p1a: Cloyster
|-sidestart|p1: Jimmy Turtwig|Spikes
|move|p1a: Cloyster|Hidden Power|p2a: HOLD DA DOOR
|-supereffective|p2a: HOLD DA DOOR
|-damage|p2a: HOLD DA DOOR|105\/287
|
|-heal|p2a: HOLD DA DOOR|122\/287|[from] item: Leftovers
|-heal|p1a: Cloyster|167\/287|[from] item: Leftovers
|upkeep
|turn|18
|L|dk
|J|Croven
|J|Luigi
|J|ParkLife
|J|Brawl~MK
|J|Gunner Rohan
|L|sonic a istanbul
|J|Curtain
|L|Curtain
|choice|switch 2|switch 6
|
|switch|p1a: Tyranitar|Tyranitar, M|403\/403
|-damage|p1a: Tyranitar|353\/403|[from] Spikes
|switch|p2a: HODOOOR|Exeggutor, M|393\/393
|-damage|p2a: HODOOOR|344\/393|[from] Spikes
|
|-heal|p1a: Tyranitar|378\/403|[from] item: Leftovers
|-heal|p2a: HODOOOR|368\/393|[from] item: Leftovers
|upkeep
|turn|19
|J|Keysoul
|L|ParkLife
|J|papai noel
|J|ParkLife
|L|papai noel
|J|Kushalos
|J|miltankmilk*
|J|Syl♥ie Lyyneheym
|J|iamgingy
|J|Esteemed User ツ
|J|Celysi(◑_◑)
|choice|move fireblast|move sleeppowder
|
|move|p1a: Tyranitar|Fire Blast|p2a: HODOOOR
|-supereffective|p2a: HODOOOR
|-damage|p2a: HODOOOR|135\/393
|move|p2a: HODOOOR|Sleep Powder|p1a: Tyranitar|[miss]
|-miss|p2a: HODOOOR|p1a: Tyranitar
|
|-heal|p1a: Tyranitar|403\/403|[from] item: Leftovers
|-heal|p2a: HODOOOR|159\/393|[from] item: Leftovers
|upkeep
|turn|20
|J|Heroic Troller
|c|☆HODOR☼_☼|fuck
|J|Peak of darkness
|L|Syl♥ie Lyyneheym
|J|Garay oak
|J|Finding True Love
|J|Erz
|choice|move fireblast|move sleeppowder
|
|move|p1a: Tyranitar|Fire Blast|p2a: HODOOOR
|-supereffective|p2a: HODOOOR
|-damage|p2a: HODOOOR|0 fnt
|faint|p2a: HODOOOR
|choice||switch 3
|
|switch|p2a: HOLDDOOR|Machamp, M|383\/383
|-damage|p2a: HOLDDOOR|336\/383|[from] Spikes
|
|-heal|p2a: HOLDDOOR|359\/383|[from] item: Leftovers
|upkeep
|turn|21
|J|Vileman
|J|clueless
|J|Rayzark
|L|LUCK>SKILL
|choice|switch 4|move curse
|
|switch|p1a: Heracross|Heracross, M|167\/363
|-damage|p1a: Heracross|122\/363|[from] Spikes
|move|p2a: HOLDDOOR|Curse|p2a: HOLDDOOR
|-unboost|p2a: HOLDDOOR|spe|1
|-boost|p2a: HOLDDOOR|atk|1
|-boost|p2a: HOLDDOOR|def|1
|
|-heal|p1a: Heracross|144\/363|[from] item: Leftovers
|-heal|p2a: HOLDDOOR|382\/383|[from] item: Leftovers
|upkeep
|turn|22
|J|Ojama
|J|getthemonkeywet
|J|ReshiRampage
|J|Pohjis
|L|getthemonkeywet
|choice|move seismictoss|move rockslide
|
|move|p1a: Heracross|Seismic Toss|p2a: HOLDDOOR
|-damage|p2a: HOLDDOOR|282\/383
|move|p2a: HOLDDOOR|Rock Slide|p1a: Heracross
|-damage|p1a: Heracross|13\/363
|
|-heal|p1a: Heracross|35\/363|[from] item: Leftovers
|-heal|p2a: HOLDDOOR|305\/383|[from] item: Leftovers
|upkeep
|turn|23
|L|Gunner Rohan
|L|Peak of darkness
|J|Kentucky Kid
|L|Rayzark
|choice|move rest|move curse
|
|move|p1a: Heracross|Rest|p1a: Heracross
|-status|p1: Heracross|slp
|-heal|p1a: Heracross|363\/363 slp|[silent]
|-status|p1a: Heracross|slp|[from] move: Rest
|move|p2a: HOLDDOOR|Curse|p2a: HOLDDOOR
|-unboost|p2a: HOLDDOOR|spe|1
|-boost|p2a: HOLDDOOR|atk|1
|-boost|p2a: HOLDDOOR|def|1
|
|-heal|p2a: HOLDDOOR|328\/383|[from] item: Leftovers
|upkeep
|turn|24
|J|Strealet❄
|J|roystopror
|choice|move sleeptalk|move curse
|
|cant|p1: Heracross|slp
|move|p1a: Heracross|Sleep Talk|p1a: Heracross
|move|p1a: Heracross|Rest|p1a: Heracross|[from]Sleep Talk
|-fail|p1a: Heracross
|move|p2a: HOLDDOOR|Curse|p2a: HOLDDOOR
|-unboost|p2a: HOLDDOOR|spe|1
|-boost|p2a: HOLDDOOR|atk|1
|-boost|p2a: HOLDDOOR|def|1
|
|-heal|p2a: HOLDDOOR|351\/383|[from] item: Leftovers
|upkeep
|turn|25
|L|slurmz
|J|Der Schweinsteiger
|choice|move sleeptalk|move rockslide
|
|cant|p1: Heracross|slp
|move|p1a: Heracross|Sleep Talk|p1a: Heracross
|move|p1a: Heracross|Rest|p1a: Heracross|[from]Sleep Talk
|-fail|p1a: Heracross
|move|p2a: HOLDDOOR|Rock Slide|p1a: Heracross|[miss]
|-miss|p2a: HOLDDOOR|p1a: Heracross
|
|-heal|p2a: HOLDDOOR|374\/383|[from] item: Leftovers
|upkeep
|turn|26
|J|lnsult
|c|☆HODOR☼_☼|rby turn
|J|slurmz
|choice|move seismictoss|move rockslide
|
|-curestatus|p1a: Heracross|slp|[msg]
|move|p1a: Heracross|Seismic Toss|p2a: HOLDDOOR
|-damage|p2a: HOLDDOOR|274\/383
|move|p2a: HOLDDOOR|Rock Slide|p1a: Heracross
|-damage|p1a: Heracross|169\/363
|
|-heal|p1a: Heracross|191\/363|[from] item: Leftovers
|-heal|p2a: HOLDDOOR|297\/383|[from] item: Leftovers
|upkeep
|turn|27
|c|☆Jimmy Turtwig|y
|choice|move seismictoss|move rockslide
|
|move|p1a: Heracross|Seismic Toss|p2a: HOLDDOOR
|-damage|p2a: HOLDDOOR|197\/383
|move|p2a: HOLDDOOR|Rock Slide|p1a: Heracross|[miss]
|-miss|p2a: HOLDDOOR|p1a: Heracross
|
|-heal|p1a: Heracross|213\/363|[from] item: Leftovers
|-heal|p2a: HOLDDOOR|220\/383|[from] item: Leftovers
|upkeep
|turn|28
|J|kingler12345
|c|☆HODOR☼_☼|fuck
|L|Ojama
|c|☆HODOR☼_☼|god damn it
|c|☆HODOR☼_☼|this game doesnt like me
|choice|move seismictoss|move rockslide
|
|move|p1a: Heracross|Seismic Toss|p2a: HOLDDOOR
|-damage|p2a: HOLDDOOR|120\/383
|move|p2a: HOLDDOOR|Rock Slide|p1a: Heracross
|-damage|p1a: Heracross|9\/363
|
|-heal|p1a: Heracross|31\/363|[from] item: Leftovers
|-heal|p2a: HOLDDOOR|143\/383|[from] item: Leftovers
|upkeep
|turn|29
|J|Highways ~ ♆
|L|slurmz
|L|Erz
|J|slurmz
|choice|move seismictoss|move rockslide
|
|move|p1a: Heracross|Seismic Toss|p2a: HOLDDOOR
|-damage|p2a: HOLDDOOR|43\/383
|move|p2a: HOLDDOOR|Rock Slide|p1a: Heracross
|-damage|p1a: Heracross|0 fnt
|faint|p1a: Heracross
|L|Celysi(◑_◑)
|L|lnsult
|L|Highways ~ ♆
|L|THE PDC SHOW
|L|roystopror
|L|finally✿
|choice|switch 2|
|
|switch|p1a: Cloyster|Cloyster, M|167\/287
|-damage|p1a: Cloyster|132\/287|[from] Spikes
|
|-heal|p1a: Cloyster|149\/287|[from] item: Leftovers
|-heal|p2a: HOLDDOOR|66\/383|[from] item: Leftovers
|upkeep
|turn|30
|J|TDK
|choice|move surf|switch 5
|
|switch|p2a: HODOR|Zapdos|383\/383
|move|p1a: Cloyster|Surf|p2a: HODOR
|-damage|p2a: HODOR|265\/383
|
|-heal|p2a: HODOR|288\/383|[from] item: Leftovers
|-heal|p1a: Cloyster|166\/287|[from] item: Leftovers
|upkeep
|turn|31
|L|slurmz
|choice|switch 5|move thunder
|
|switch|p1a: Raikou|Raikou|309\/383
|-damage|p1a: Raikou|262\/383|[from] Spikes
|move|p2a: HODOR|Thunder|p1a: Raikou
|-resisted|p1a: Raikou
|-damage|p1a: Raikou|181\/383
|
|-heal|p1a: Raikou|204\/383|[from] item: Leftovers
|-heal|p2a: HODOR|311\/383|[from] item: Leftovers
|upkeep
|turn|32
|choice|move hiddenpower|move thunder
|
|move|p1a: Raikou|Hidden Power|p2a: HODOR
|-supereffective|p2a: HODOR
|-damage|p2a: HODOR|173\/383
|move|p2a: HODOR|Thunder|p1a: Raikou|[miss]
|-miss|p2a: HODOR|p1a: Raikou
|
|-heal|p1a: Raikou|227\/383|[from] item: Leftovers
|-heal|p2a: HODOR|196\/383|[from] item: Leftovers
|upkeep
|turn|33
|choice|move thunder|switch 2
|
|switch|p2a: HOLDOR|Snorlax, M|523\/523
|-damage|p2a: HOLDOR|458\/523|[from] Spikes
|move|p1a: Raikou|Thunder|p2a: HOLDOR
|-damage|p2a: HOLDOR|305\/523
|
|-heal|p1a: Raikou|250\/383|[from] item: Leftovers
|-heal|p2a: HOLDOR|337\/523|[from] item: Leftovers
|upkeep
|turn|34
|J|worm of the earth
|J|LUCK>SKILL
|J|Mr. Drink Yo Beer
|choice|switch 4|move bodyslam
|
|switch|p1a: Tyranitar|Tyranitar, M|403\/403
|-damage|p1a: Tyranitar|353\/403|[from] Spikes
|move|p2a: HOLDOR|Body Slam|p1a: Tyranitar
|-resisted|p1a: Tyranitar
|-damage|p1a: Tyranitar|303\/403
|-status|p1a: Tyranitar|par
|
|-heal|p2a: HOLDOR|369\/523|[from] item: Leftovers
|-heal|p1a: Tyranitar|328\/403 par|[from] item: Leftovers
|upkeep
|turn|35
|choice|move roar|move curse
|
|move|p2a: HOLDOR|Curse|p2a: HOLDOR
|-unboost|p2a: HOLDOR|spe|1
|-boost|p2a: HOLDOR|atk|1
|-boost|p2a: HOLDOR|def|1
|move|p1a: Tyranitar|Roar|p2a: HOLDOR
|drag|p2a: HODOR|Zapdos|196\/383
|
|-heal|p2a: HODOR|219\/383|[from] item: Leftovers
|-heal|p1a: Tyranitar|353\/403 par|[from] item: Leftovers
|upkeep
|turn|36
|L|Anty
|choice|move rockslide|move thunder
|
|move|p2a: HODOR|Thunder|p1a: Tyranitar
|-damage|p1a: Tyranitar|197\/403 par
|cant|p1: Tyranitar|par
|
|-heal|p2a: HODOR|242\/383|[from] item: Leftovers
|-heal|p1a: Tyranitar|222\/403 par|[from] item: Leftovers
|upkeep
|turn|37
|L|Kushalos
|choice|switch 4|move thunder
|
|switch|p1a: Raikou|Raikou|250\/383
|-damage|p1a: Raikou|203\/383|[from] Spikes
|move|p2a: HODOR|Thunder|p1a: Raikou
|-resisted|p1a: Raikou
|-damage|p1a: Raikou|123\/383
|-status|p1a: Raikou|par
|
|-heal|p2a: HODOR|265\/383|[from] item: Leftovers
|-heal|p1a: Raikou|146\/383 par|[from] item: Leftovers
|upkeep
|turn|38
|J|Hax the gam3
|choice|move rest|move thunder
|
|move|p2a: HODOR|Thunder|p1a: Raikou
|-resisted|p1a: Raikou
|-damage|p1a: Raikou|60\/383 par
|move|p1a: Raikou|Rest|p1a: Raikou
|-status|p1: Raikou|slp
|-heal|p1a: Raikou|383\/383 slp|[silent]
|-status|p1a: Raikou|slp|[from] move: Rest
|
|-heal|p2a: HODOR|288\/383|[from] item: Leftovers
|upkeep
|turn|39
|choice|move sleeptalk|switch 2
|
|switch|p2a: HOLDOR|Snorlax, M|369\/523
|-damage|p2a: HOLDOR|304\/523|[from] Spikes
|cant|p1: Raikou|slp
|move|p1a: Raikou|Sleep Talk|p1a: Raikou
|move|p1a: Raikou|Rest|p1a: Raikou|[from]Sleep Talk
|-fail|p1a: Raikou
|
|-heal|p2a: HOLDOR|336\/523|[from] item: Leftovers
|upkeep
|turn|40
|L|Der Schweinsteiger
|J|ludicrousman
|choice|switch 6|move curse
|
|switch|p1a: Skarmory|Skarmory, M|221\/333
|move|p2a: HOLDOR|Curse|p2a: HOLDOR
|-unboost|p2a: HOLDOR|spe|1
|-boost|p2a: HOLDOR|atk|1
|-boost|p2a: HOLDOR|def|1
|
|-heal|p1a: Skarmory|241\/333|[from] item: Leftovers
|-heal|p2a: HOLDOR|368\/523|[from] item: Leftovers
|upkeep
|turn|41
|choice|move whirlwind|move bodyslam
|
|move|p2a: HOLDOR|Body Slam|p1a: Skarmory
|-resisted|p1a: Skarmory
|-damage|p1a: Skarmory|177\/333
|-status|p1a: Skarmory|par
|move|p1a: Skarmory|Whirlwind|p2a: HOLDOR
|drag|p2a: HOLD DA DOOR|Cloyster, M|122\/287
|-damage|p2a: HOLD DA DOOR|87\/287|[from] Spikes
|
|-heal|p2a: HOLD DA DOOR|104\/287|[from] item: Leftovers
|-heal|p1a: Skarmory|197\/333 par|[from] item: Leftovers
|upkeep
|turn|42
|J|SOULWIND❄
|choice|switch 3|move surf
|
|switch|p1a: Snorlax|Snorlax, M|457\/523
|-damage|p1a: Snorlax|392\/523|[from] Spikes
|move|p2a: HOLD DA DOOR|Surf|p1a: Snorlax
|-damage|p1a: Snorlax|298\/523
|
|-heal|p2a: HOLD DA DOOR|121\/287|[from] item: Leftovers
|-heal|p1a: Snorlax|330\/523|[from] item: Leftovers
|upkeep
|turn|43
|choice|move return|move explosion
|
|move|p2a: HOLD DA DOOR|Explosion|p1a: Snorlax
|-damage|p1a: Snorlax|0 fnt
|faint|p1a: Snorlax
|faint|p2a: HOLD DA DOOR
|choice|switch 6|switch 2
|
|switch|p1a: Raikou|Raikou|383\/383 slp
|switch|p2a: HODOR|Zapdos|288\/383
|-damage|p1a: Raikou|336\/383 slp|[from] Spikes
|
|-heal|p1a: Raikou|359\/383 slp|[from] item: Leftovers
|-heal|p2a: HODOR|311\/383|[from] item: Leftovers
|upkeep
|turn|44
|choice|move sleeptalk|switch 4
|
|switch|p2a: HOLD THE DOOR|Rhydon, M|362\/413 slp
|-damage|p2a: HOLD THE DOOR|311\/413 slp|[from] Spikes
|cant|p1: Raikou|slp
|move|p1a: Raikou|Sleep Talk|p1a: Raikou
|move|p1a: Raikou|Thunder|p2a: HOLD THE DOOR|[from]Sleep Talk
|-immune|p2a: HOLD THE DOOR|[msg]
|
|-heal|p1a: Raikou|382\/383 slp|[from] item: Leftovers
|-heal|p2a: HOLD THE DOOR|336\/413 slp|[from] item: Leftovers
|upkeep
|turn|45
|L|smogon grand slam
|choice|move hiddenpower|move earthquake
|
|-curestatus|p1a: Raikou|slp|[msg]
|move|p1a: Raikou|Hidden Power|p2a: HOLD THE DOOR
|-supereffective|p2a: HOLD THE DOOR
|-damage|p2a: HOLD THE DOOR|131\/413 slp
|cant|p2: HOLD THE DOOR|slp
|
|-heal|p1a: Raikou|383\/383|[from] item: Leftovers
|-heal|p2a: HOLD THE DOOR|156\/413 slp|[from] item: Leftovers
|upkeep
|turn|46
|J|Kushalos
|choice|move hiddenpower|switch 6
|
|switch|p2a: HOLDOR|Snorlax, M|368\/523
|-damage|p2a: HOLDOR|303\/523|[from] Spikes
|move|p1a: Raikou|Hidden Power|p2a: HOLDOR
|-damage|p2a: HOLDOR|245\/523
|
|-heal|p2a: HOLDOR|277\/523|[from] item: Leftovers
|upkeep
|turn|47
|J|Aurious
|choice|switch 5|move rest
|
|switch|p1a: Cloyster|Cloyster, M|166\/287
|-damage|p1a: Cloyster|131\/287|[from] Spikes
|move|p2a: HOLDOR|Rest|p2a: HOLDOR
|-status|p2: HOLDOR|slp
|-heal|p2a: HOLDOR|523\/523 slp|[silent]
|-status|p2a: HOLDOR|slp|[from] move: Rest
|
|-heal|p1a: Cloyster|148\/287|[from] item: Leftovers
|upkeep
|turn|48
|choice|move rapidspin|move curse
|
|move|p1a: Cloyster|Rapid Spin|p2a: HOLDOR
|-damage|p2a: HOLDOR|502\/523 slp
|-sideend|p1: Jimmy Turtwig|Spikes|[from] move: Rapid Spin|[of] p1a: Cloyster
|cant|p2: HOLDOR|slp
|
|-heal|p1a: Cloyster|165\/287|[from] item: Leftovers
|-heal|p2a: HOLDOR|523\/523 slp|[from] item: Leftovers
|upkeep
|turn|49
|choice|switch 3|move curse
|
|switch|p1a: Skarmory|Skarmory, M|197\/333 par
|cant|p2: HOLDOR|slp
|
|-heal|p1a: Skarmory|217\/333 par|[from] item: Leftovers
|upkeep
|turn|50
|J|bewhammer
|choice|move rest|move fireblast
|
|-curestatus|p2a: HOLDOR|slp|[msg]
|move|p2a: HOLDOR|Fire Blast|p1a: Skarmory
|-supereffective|p1a: Skarmory
|-damage|p1a: Skarmory|28\/333 par
|move|p1a: Skarmory|Rest|p1a: Skarmory
|-status|p1: Skarmory|slp
|-heal|p1a: Skarmory|333\/333 slp|[silent]
|-status|p1a: Skarmory|slp|[from] move: Rest
|
|upkeep
|turn|51
|J|SweetPosho
|choice|switch 4|switch 6
|
|switch|p1a: Tyranitar|Tyranitar, M|222\/403 par
|switch|p2a: HOLD THE DOOR|Rhydon, M|156\/413 slp
|-damage|p2a: HOLD THE DOOR|105\/413 slp|[from] Spikes
|
|-heal|p2a: HOLD THE DOOR|130\/413 slp|[from] item: Leftovers
|-heal|p1a: Tyranitar|247\/403 par|[from] item: Leftovers
|upkeep
|turn|52
|J|Gunner Rohan
|J|the cruel thesis
|J|Vubon
|J|Cholera90
|choice|switch 3|move earthquake
|
|switch|p1a: Cloyster|Cloyster, M|165\/287
|-curestatus|p2a: HOLD THE DOOR|slp|[msg]
|move|p2a: HOLD THE DOOR|Earthquake|p1a: Cloyster
|-damage|p1a: Cloyster|66\/287
|
|-heal|p1a: Cloyster|83\/287|[from] item: Leftovers
|-heal|p2a: HOLD THE DOOR|155\/413|[from] item: Leftovers
|upkeep
|turn|53
|J|welliou
|J|Mindnight(‽)
|choice|switch 5|switch 4
|
|switch|p1a: Raikou|Raikou|383\/383
|switch|p2a: HODOR|Zapdos|311\/383
|
|-heal|p2a: HODOR|334\/383|[from] item: Leftovers
|upkeep
|turn|54
|J|BlackBloodz
|J|Hero
|L|welliou
|L|Hero
|choice|move thunder|move thunder
|
|move|p1a: Raikou|Thunder|p2a: HODOR
|-damage|p2a: HODOR|173\/383
|move|p2a: HODOR|Thunder|p1a: Raikou|[miss]
|-miss|p2a: HODOR|p1a: Raikou
|
|-heal|p2a: HODOR|196\/383|[from] item: Leftovers
|upkeep
|turn|55
|J|Zamrock
|L|Zamrock
|J|Sken
|choice|move hiddenpower|move thunder
|
|move|p1a: Raikou|Hidden Power|p2a: HODOR
|-crit|p2a: HODOR
|-supereffective|p2a: HODOR
|-damage|p2a: HODOR|0 fnt
|faint|p2a: HODOR
|L|Strealet❄
|choice||switch 4
|
|switch|p2a: HOLD THE DOOR|Rhydon, M|155\/413
|-damage|p2a: HOLD THE DOOR|104\/413|[from] Spikes
|
|-heal|p2a: HOLD THE DOOR|129\/413|[from] item: Leftovers
|upkeep
|turn|56
|J|obii ☁
|L|Cdumas
|L|hairy toenail
|L|Finding True Love
|J|Finding True Love
|choice|switch 4|move curse
|
|switch|p1a: Skarmory|Skarmory, M|333\/333 slp
|move|p2a: HOLD THE DOOR|Curse|p2a: HOLD THE DOOR
|-unboost|p2a: HOLD THE DOOR|spe|1
|-boost|p2a: HOLD THE DOOR|atk|1
|-boost|p2a: HOLD THE DOOR|def|1
|
|-heal|p2a: HOLD THE DOOR|154\/413|[from] item: Leftovers
|upkeep
|turn|57
|choice|move curse|move curse
|
|cant|p1: Skarmory|slp
|move|p2a: HOLD THE DOOR|Curse|p2a: HOLD THE DOOR
|-unboost|p2a: HOLD THE DOOR|spe|1
|-boost|p2a: HOLD THE DOOR|atk|1
|-boost|p2a: HOLD THE DOOR|def|1
|
|-heal|p2a: HOLD THE DOOR|179\/413|[from] item: Leftovers
|upkeep
|turn|58
|choice|move curse|move rockslide
|
|cant|p1: Skarmory|slp
|move|p2a: HOLD THE DOOR|Rock Slide|p1a: Skarmory
|-damage|p1a: Skarmory|171\/333 slp
|
|-heal|p1a: Skarmory|191\/333 slp|[from] item: Leftovers
|-heal|p2a: HOLD THE DOOR|204\/413|[from] item: Leftovers
|upkeep
|turn|59
|J|Nintendi
|L|Nintendi
|J|Bomber
|J|bbtest
|J|Syl♥ie Lyyneheym
|L|bbtest
|L|bewhammer
|J|kimikozen
|choice|move curse|move rockslide
|
|-curestatus|p1a: Skarmory|slp|[msg]
|move|p1a: Skarmory|Curse|p1a: Skarmory
|-unboost|p1a: Skarmory|spe|1
|-boost|p1a: Skarmory|atk|1
|-boost|p1a: Skarmory|def|1
|move|p2a: HOLD THE DOOR|Rock Slide|p1a: Skarmory
|-damage|p1a: Skarmory|77\/333
|
|-heal|p1a: Skarmory|97\/333|[from] item: Leftovers
|-heal|p2a: HOLD THE DOOR|229\/413|[from] item: Leftovers
|upkeep
|turn|60
|J|marcop9923
|L|Syl♥ie Lyyneheym
|choice|move curse|move roar
|
|move|p1a: Skarmory|Curse|p1a: Skarmory
|-unboost|p1a: Skarmory|spe|1
|-boost|p1a: Skarmory|atk|1
|-boost|p1a: Skarmory|def|1
|move|p2a: HOLD THE DOOR|Roar|p1a: Skarmory
|drag|p1a: Tyranitar|Tyranitar, M|247\/403 par
|
|-heal|p2a: HOLD THE DOOR|254\/413|[from] item: Leftovers
|-heal|p1a: Tyranitar|272\/403 par|[from] item: Leftovers
|upkeep
|turn|61
|J|Quint
|L|Quint
|J|hyogafodex
|J|Syl♥ie Lyyneheym
|L|obii ☁
|J|Corazan
|choice|switch 4|move rockslide
|
|switch|p1a: Raikou|Raikou|383\/383
|move|p2a: HOLD THE DOOR|Rock Slide|p1a: Raikou
|-damage|p1a: Raikou|135\/383
|
|-heal|p1a: Raikou|158\/383|[from] item: Leftovers
|-heal|p2a: HOLD THE DOOR|279\/413|[from] item: Leftovers
|upkeep
|turn|62
|J|r0ady
|choice|move hiddenpower|move earthquake
|
|move|p1a: Raikou|Hidden Power|p2a: HOLD THE DOOR
|-supereffective|p2a: HOLD THE DOOR
|-damage|p2a: HOLD THE DOOR|91\/413
|move|p2a: HOLD THE DOOR|Earthquake|p1a: Raikou
|-supereffective|p1a: Raikou
|-damage|p1a: Raikou|0 fnt
|faint|p1a: Raikou
|choice|switch 5|
|
|switch|p1a: Cloyster|Cloyster, M|83\/287
|
|-heal|p1a: Cloyster|100\/287|[from] item: Leftovers
|-heal|p2a: HOLD THE DOOR|116\/413|[from] item: Leftovers
|upkeep
|turn|63
|J|Ernes
|J|zShiro
|choice|move surf|switch 6
|
|switch|p2a: HOLDOR|Snorlax, M|523\/523
|-damage|p2a: HOLDOR|458\/523|[from] Spikes
|move|p1a: Cloyster|Surf|p2a: HOLDOR
|-damage|p2a: HOLDOR|366\/523
|
|-heal|p1a: Cloyster|117\/287|[from] item: Leftovers
|-heal|p2a: HOLDOR|398\/523|[from] item: Leftovers
|upkeep
|turn|64
|J|Subject 18
|L|the cruel thesis
|choice|switch 4|switch 6
|
|switch|p1a: Tyranitar|Tyranitar, M|272\/403 par
|switch|p2a: HOLD THE DOOR|Rhydon, M|116\/413
|-damage|p2a: HOLD THE DOOR|65\/413|[from] Spikes
|
|-heal|p2a: HOLD THE DOOR|90\/413|[from] item: Leftovers
|-heal|p1a: Tyranitar|297\/403 par|[from] item: Leftovers
|upkeep
|turn|65
|J|Bouff
|choice|switch 3|move earthquake
|
|switch|p1a: Skarmory|Skarmory, M|97\/333
|move|p2a: HOLD THE DOOR|Earthquake|p1a: Skarmory
|-immune|p1a: Skarmory|[msg]
|
|-heal|p1a: Skarmory|117\/333|[from] item: Leftovers
|-heal|p2a: HOLD THE DOOR|115\/413|[from] item: Leftovers
|upkeep
|turn|66
|J|The Idiot Ninja
|c|☆HODOR☼_☼|fuck this cancel button
|J|Alloy1
|L|Alloy1
|choice|move whirlwind|move curse
|
|move|p2a: HOLD THE DOOR|Curse|p2a: HOLD THE DOOR
|-unboost|p2a: HOLD THE DOOR|spe|1
|-boost|p2a: HOLD THE DOOR|atk|1
|-boost|p2a: HOLD THE DOOR|def|1
|move|p1a: Skarmory|Whirlwind|p2a: HOLD THE DOOR
|drag|p2a: HOLDDOOR|Machamp, M|66\/383
|-damage|p2a: HOLDDOOR|19\/383|[from] Spikes
|
|-heal|p1a: Skarmory|137\/333|[from] item: Leftovers
|-heal|p2a: HOLDDOOR|42\/383|[from] item: Leftovers
|upkeep
|turn|67
|J|hector guard mode
|J|Highways ~ ♆
|J|rssp1
|choice|move drillpeck|move crosschop
|
|move|p1a: Skarmory|Drill Peck|p2a: HOLDDOOR
|-supereffective|p2a: HOLDDOOR
|-damage|p2a: HOLDDOOR|0 fnt
|faint|p2a: HOLDDOOR
|L|MetalGro$$
|choice||switch 5
|
|switch|p2a: HOLD THE DOOR|Rhydon, M|115\/413
|-damage|p2a: HOLD THE DOOR|64\/413|[from] Spikes
|
|-heal|p1a: Skarmory|157\/333|[from] item: Leftovers
|-heal|p2a: HOLD THE DOOR|89\/413|[from] item: Leftovers
|upkeep
|turn|68
|J|MK007
|choice|move whirlwind|move rockslide
|
|move|p2a: HOLD THE DOOR|Rock Slide|p1a: Skarmory|[miss]
|-miss|p2a: HOLD THE DOOR|p1a: Skarmory
|move|p1a: Skarmory|Whirlwind|p2a: HOLD THE DOOR
|drag|p2a: HOLDOR|Snorlax, M|398\/523
|-damage|p2a: HOLDOR|333\/523|[from] Spikes
|
|-heal|p1a: Skarmory|177\/333|[from] item: Leftovers
|-heal|p2a: HOLDOR|365\/523|[from] item: Leftovers
|upkeep
|turn|69
|c|☆HODOR☼_☼|3
|choice|move drillpeck|move bodyslam
|
|move|p1a: Skarmory|Drill Peck|p2a: HOLDOR
|-damage|p2a: HOLDOR|256\/523
|move|p2a: HOLDOR|Body Slam|p1a: Skarmory
|-resisted|p1a: Skarmory
|-damage|p1a: Skarmory|134\/333
|
|-heal|p1a: Skarmory|154\/333|[from] item: Leftovers
|-heal|p2a: HOLDOR|288\/523|[from] item: Leftovers
|upkeep
|turn|70
|L|Finding True Love
|J|Duck Chris
|choice|move rest|move bodyslam
|
|move|p1a: Skarmory|Rest|p1a: Skarmory
|-status|p1: Skarmory|slp
|-heal|p1a: Skarmory|333\/333 slp|[silent]
|-status|p1a: Skarmory|slp|[from] move: Rest
|move|p2a: HOLDOR|Body Slam|p1a: Skarmory
|-resisted|p1a: Skarmory
|-damage|p1a: Skarmory|290\/333 slp
|
|-heal|p1a: Skarmory|310\/333 slp|[from] item: Leftovers
|-heal|p2a: HOLDOR|320\/523|[from] item: Leftovers
|upkeep
|turn|71
|J|hairy toenail
|J|Finding True Love
|choice|switch 3|switch 6
|
|switch|p1a: Tyranitar|Tyranitar, M|297\/403 par
|switch|p2a: HOLD THE DOOR|Rhydon, M|89\/413
|-damage|p2a: HOLD THE DOOR|38\/413|[from] Spikes
|
|-heal|p2a: HOLD THE DOOR|63\/413|[from] item: Leftovers
|-heal|p1a: Tyranitar|322\/403 par|[from] item: Leftovers
|upkeep
|turn|72
|J|jirachee
|J|LBLOL
|choice|switch 3|move curse
|
|switch|p1a: Skarmory|Skarmory, M|310\/333 slp
|move|p2a: HOLD THE DOOR|Curse|p2a: HOLD THE DOOR
|-unboost|p2a: HOLD THE DOOR|spe|1
|-boost|p2a: HOLD THE DOOR|atk|1
|-boost|p2a: HOLD THE DOOR|def|1
|
|-heal|p1a: Skarmory|330\/333 slp|[from] item: Leftovers
|-heal|p2a: HOLD THE DOOR|88\/413|[from] item: Leftovers
|upkeep
|turn|73
|L|Duck Chris
|J|The Goomy
|choice|move curse|move curse
|
|cant|p1: Skarmory|slp
|move|p2a: HOLD THE DOOR|Curse|p2a: HOLD THE DOOR
|-unboost|p2a: HOLD THE DOOR|spe|1
|-boost|p2a: HOLD THE DOOR|atk|1
|-boost|p2a: HOLD THE DOOR|def|1
|
|-heal|p1a: Skarmory|333\/333 slp|[from] item: Leftovers
|-heal|p2a: HOLD THE DOOR|113\/413|[from] item: Leftovers
|upkeep
|turn|74
|J|Beds
|J|Fireburn
|L|SOULWIND❄
|choice|move curse|move rockslide
|
|cant|p1: Skarmory|slp
|move|p2a: HOLD THE DOOR|Rock Slide|p1a: Skarmory
|-crit|p1a: Skarmory
|-damage|p1a: Skarmory|0 fnt
|faint|p1a: Skarmory
|c|☆Jimmy Turtwig|rip gg
|choice|switch 4|
|
|switch|p1a: Cloyster|Cloyster, M|117\/287
|
|-heal|p1a: Cloyster|134\/287|[from] item: Leftovers
|-heal|p2a: HOLD THE DOOR|138\/413|[from] item: Leftovers
|upkeep
|turn|75
|c|☆HODOR☼_☼|gg
|J|GOAO
|J|sdfkwenfklw
|choice|move surf|switch 6
|
|switch|p2a: HOLDOR|Snorlax, M|320\/523
|-damage|p2a: HOLDOR|255\/523|[from] Spikes
|move|p1a: Cloyster|Surf|p2a: HOLDOR
|-damage|p2a: HOLDOR|163\/523
|
|-heal|p1a: Cloyster|151\/287|[from] item: Leftovers
|-heal|p2a: HOLDOR|195\/523|[from] item: Leftovers
|upkeep
|turn|76
|J|the cruel thesis
|c|☆Jimmy Turtwig|D:
|c|☆Jimmy Turtwig|what if i crit you
|choice|move surf|move rest
|
|move|p1a: Cloyster|Surf|p2a: HOLDOR
|-damage|p2a: HOLDOR|103\/523
|move|p2a: HOLDOR|Rest|p2a: HOLDOR
|-status|p2: HOLDOR|slp
|-heal|p2a: HOLDOR|523\/523 slp|[silent]
|-status|p2a: HOLDOR|slp|[from] move: Rest
|
|-heal|p1a: Cloyster|168\/287|[from] item: Leftovers
|upkeep
|turn|77
|J|Quite Quiet
|choice|move surf|move curse
|
|move|p1a: Cloyster|Surf|p2a: HOLDOR
|-damage|p2a: HOLDOR|434\/523 slp
|cant|p2: HOLDOR|slp
|
|-heal|p1a: Cloyster|185\/287|[from] item: Leftovers
|-heal|p2a: HOLDOR|466\/523 slp|[from] item: Leftovers
|upkeep
|turn|78
|J|PD
|J|Simiatic
|choice|move surf|move curse
|
|move|p1a: Cloyster|Surf|p2a: HOLDOR
|-damage|p2a: HOLDOR|374\/523 slp
|cant|p2: HOLDOR|slp
|
|-heal|p1a: Cloyster|202\/287|[from] item: Leftovers
|-heal|p2a: HOLDOR|406\/523 slp|[from] item: Leftovers
|upkeep
|turn|79
|L|Simiatic
|L|SweetPosho
|choice|move surf|move curse
|
|move|p1a: Cloyster|Surf|p2a: HOLDOR
|-damage|p2a: HOLDOR|318\/523 slp
|-curestatus|p2a: HOLDOR|slp|[msg]
|move|p2a: HOLDOR|Curse|p2a: HOLDOR
|-unboost|p2a: HOLDOR|spe|1
|-boost|p2a: HOLDOR|atk|1
|-boost|p2a: HOLDOR|def|1
|
|-heal|p1a: Cloyster|219\/287|[from] item: Leftovers
|-heal|p2a: HOLDOR|350\/523|[from] item: Leftovers
|upkeep
|turn|80
|L|PD
|choice|switch 3|move curse
|
|switch|p1a: Tyranitar|Tyranitar, M|322\/403 par
|move|p2a: HOLDOR|Curse|p2a: HOLDOR
|-unboost|p2a: HOLDOR|spe|1
|-boost|p2a: HOLDOR|atk|1
|-boost|p2a: HOLDOR|def|1
|
|-heal|p2a: HOLDOR|382\/523|[from] item: Leftovers
|-heal|p1a: Tyranitar|347\/403 par|[from] item: Leftovers
|upkeep
|turn|81
|J|leviticus
|L|zShiro
|choice|move roar|move bodyslam
|
|move|p2a: HOLDOR|Body Slam|p1a: Tyranitar
|-resisted|p1a: Tyranitar
|-damage|p1a: Tyranitar|248\/403 par
|cant|p1: Tyranitar|par
|
|-heal|p2a: HOLDOR|414\/523|[from] item: Leftovers
|-heal|p1a: Tyranitar|273\/403 par|[from] item: Leftovers
|upkeep
|turn|82
|L|leviticus
|J|therealslap
|L|iamgingy
|choice|move roar|move bodyslam
|
|move|p2a: HOLDOR|Body Slam|p1a: Tyranitar
|-resisted|p1a: Tyranitar
|-damage|p1a: Tyranitar|170\/403 par
|move|p1a: Tyranitar|Roar|p2a: HOLDOR
|drag|p2a: HOLD THE DOOR|Rhydon, M|138\/413
|-damage|p2a: HOLD THE DOOR|87\/413|[from] Spikes
|
|-heal|p2a: HOLD THE DOOR|112\/413|[from] item: Leftovers
|-heal|p1a: Tyranitar|195\/403 par|[from] item: Leftovers
|upkeep
|turn|83
|J|Gummysaurus
|L|Syl♥ie Lyyneheym
|choice|switch 3|move rockslide
|
|switch|p1a: Cloyster|Cloyster, M|219\/287
|move|p2a: HOLD THE DOOR|Rock Slide|p1a: Cloyster
|-supereffective|p1a: Cloyster
|-damage|p1a: Cloyster|77\/287
|
|-heal|p1a: Cloyster|94\/287|[from] item: Leftovers
|-heal|p2a: HOLD THE DOOR|137\/413|[from] item: Leftovers
|upkeep
|turn|84
|choice|move surf|move rockslide
|
|move|p1a: Cloyster|Surf|p2a: HOLD THE DOOR
|-supereffective|p2a: HOLD THE DOOR
|-damage|p2a: HOLD THE DOOR|0 fnt
|faint|p2a: HOLD THE DOOR
|choice||switch 6
|
|switch|p2a: HOLDOR|Snorlax, M|414\/523
|-damage|p2a: HOLDOR|349\/523|[from] Spikes
|
|-heal|p1a: Cloyster|111\/287|[from] item: Leftovers
|-heal|p2a: HOLDOR|381\/523|[from] item: Leftovers
|upkeep
|turn|85
|choice|move surf|move curse
|
|move|p1a: Cloyster|Surf|p2a: HOLDOR
|-damage|p2a: HOLDOR|283\/523
|move|p2a: HOLDOR|Curse|p2a: HOLDOR
|-unboost|p2a: HOLDOR|spe|1
|-boost|p2a: HOLDOR|atk|1
|-boost|p2a: HOLDOR|def|1
|
|-heal|p1a: Cloyster|128\/287|[from] item: Leftovers
|-heal|p2a: HOLDOR|315\/523|[from] item: Leftovers
|upkeep
|turn|86
|L|Corazan
|choice|move surf|move curse
|
|move|p1a: Cloyster|Surf|p2a: HOLDOR
|-damage|p2a: HOLDOR|227\/523
|move|p2a: HOLDOR|Curse|p2a: HOLDOR
|-unboost|p2a: HOLDOR|spe|1
|-boost|p2a: HOLDOR|atk|1
|-boost|p2a: HOLDOR|def|1
|
|-heal|p1a: Cloyster|145\/287|[from] item: Leftovers
|-heal|p2a: HOLDOR|259\/523|[from] item: Leftovers
|upkeep
|turn|87
|J|Syl♥ie Lyyneheym
|J|warm foothills
|choice|move surf|move rest
|
|move|p1a: Cloyster|Surf|p2a: HOLDOR
|-damage|p2a: HOLDOR|168\/523
|move|p2a: HOLDOR|Rest|p2a: HOLDOR
|-status|p2: HOLDOR|slp
|-heal|p2a: HOLDOR|523\/523 slp|[silent]
|-status|p2a: HOLDOR|slp|[from] move: Rest
|
|-heal|p1a: Cloyster|162\/287|[from] item: Leftovers
|upkeep
|turn|88
|L|kimikozen
|L|warm foothills
|choice|switch 3|move bodyslam
|
|switch|p1a: Tyranitar|Tyranitar, M|195\/403 par
|cant|p2: HOLDOR|slp
|
|-heal|p1a: Tyranitar|220\/403 par|[from] item: Leftovers
|upkeep
|turn|89
|c|☆HODOR☼_☼|incoming suprise dpunch?
|c|☆Jimmy Turtwig|my ttar was curse until 2 min before the game
|J|Obliviate
|c|☆Jimmy Turtwig|alas
|choice|move rockslide|move bodyslam
|
|cant|p2: HOLDOR|slp
|move|p1a: Tyranitar|Rock Slide|p2a: HOLDOR
|-crit|p2a: HOLDOR
|-damage|p2a: HOLDOR|239\/523 slp
|
|-heal|p2a: HOLDOR|271\/523 slp|[from] item: Leftovers
|-heal|p1a: Tyranitar|245\/403 par|[from] item: Leftovers
|upkeep
|turn|90
|c|☆Jimmy Turtwig|o
|c|☆Jimmy Turtwig|win con
|c|☆HODOR☼_☼|:\/
|choice|move rockslide|move bodyslam
|
|-curestatus|p2a: HOLDOR|slp|[msg]
|move|p2a: HOLDOR|Body Slam|p1a: Tyranitar
|-resisted|p1a: Tyranitar
|-damage|p1a: Tyranitar|151\/403 par
|move|p1a: Tyranitar|Rock Slide|p2a: HOLDOR|[miss]
|-miss|p1a: Tyranitar|p2a: HOLDOR
|
|-heal|p2a: HOLDOR|303\/523|[from] item: Leftovers
|-heal|p1a: Tyranitar|176\/403 par|[from] item: Leftovers
|upkeep
|turn|91
|L|Mindnight(‽)
|J|Luna
|J|kimikozen
|J|Corazan
|choice|move rockslide|move bodyslam
|
|move|p2a: HOLDOR|Body Slam|p1a: Tyranitar
|-resisted|p1a: Tyranitar
|-damage|p1a: Tyranitar|84\/403 par
|move|p1a: Tyranitar|Rock Slide|p2a: HOLDOR
|-damage|p2a: HOLDOR|232\/523
|
|-heal|p2a: HOLDOR|264\/523|[from] item: Leftovers
|-heal|p1a: Tyranitar|109\/403 par|[from] item: Leftovers
|upkeep
|turn|92
|J|iamgingy
|L|Luna
|choice|move rockslide|move rest
|
|move|p2a: HOLDOR|Rest|p2a: HOLDOR
|-status|p2: HOLDOR|slp
|-heal|p2a: HOLDOR|523\/523 slp|[silent]
|-status|p2a: HOLDOR|slp|[from] move: Rest
|move|p1a: Tyranitar|Rock Slide|p2a: HOLDOR|[miss]
|-miss|p1a: Tyranitar|p2a: HOLDOR
|
|-heal|p1a: Tyranitar|134\/403 par|[from] item: Leftovers
|upkeep
|turn|93
|J|ggggd
|L|Corazan
|J|leviticus
|J|SweetPosho
|J|Zamrock
|c|☆HODOR☼_☼|seriously
|c|☆Jimmy Turtwig|ok lets not stall this
|c|☆HODOR☼_☼|thats 5 now
|-message|Jimmy Turtwig forfeited.
|
|win|HODOR☼_☼
|c|☆HODOR☼_☼|this game
|L|reyscarface
|L|FLCL
|L|Heroic Troller
|L|sdfkwenfklw
|L|soulgazer
|L|Syl♥ie Lyyneheym
|L|Vubon
|L|fgfhkjhfkf
|L|Highways ~ ♆
|L|r0ady
|L|The Goomy
|L|Fireburn
|L|ReshiRampage
|L|mountain pyre
|c|☆HODOR☼_☼|gg :)
|L|kimikozen
|L|Zamrock
|L|kratosmana
|L|Ciele
|L|therealslap
|L|Tony
|L|hairy toenail
|L|LUCK>SKILL
|L|0M0M
|L|Cholera90
|L|Gummysaurus
|L|kingler12345
|L|rssp1
|L|jirachee
|L|Obliviate
|L|worm of the earth
|L|Esteemed User ツ
|L|hyogafodex
|L|B KC
|L|Hax the gam3
|L|Garay oak
|L|ParkLife
|L|choolio iglesias
|L|ludicrousman
|L|Ernes
|L|TDK
|L|HODOR☼_☼
|L|Bomber
|L|giara ★_★
|L|Jimmy Turtwig
|L|HANTSUKI
|L|Quite Quiet
|L|GOAO
|L|Luigi
|L|Shadestep
|L|Croven
|L|iamgingy
|L|LIBERTY32
|L|ggggd</script>
</div>
<div class="battle-log battle-log-inline"><div class="inner"><div class="battle-options"></div><div class="inner"><div class="chat message-error">Battle timer is ON: inactive players will automatically lose when time's up.</div><div class=""><small>Format:</small> <br><strong>[Gen 2] OU</strong></div><div class=""><small><em>Sleep Clause Mod:</em> Limit one foe put to sleep</small></div><div class=""><small><em>Species Clause:</em> Limit one of each Pokémon</small></div><div class=""><small><em>OHKO Clause:</em> OHKO moves are banned</small></div><div class=""><small><em>Evasion Moves Clause:</em> Evasion moves are banned</small></div><div class=""><small><em>HP Percentage Mod:</em> HP is shown in percentages</small></div><div class="spacer battle-history"><br></div><div class="battle-history">Battle started between Jimmy Turtwig and HODOR☼_☼!<br></div><div class="spacer battle-history"><br></div><div class="battle-history">Go! <strong>Raikou</strong>!<br></div><div class="spacer battle-history"><br></div><div class="battle-history">HODOR☼_☼ sent out HODOR (<strong>Zapdos</strong>)!<br></div><div class="spacer battle-history"><br></div><h2 class="battle-history">Turn 1</h2><div class="chat chatmessage-tony"><strong style="color:#ac2791"><small>+</small><span class="username" data-name="Tony">Tony</span>:</strong> <em>HANDSOME JIMMY</em></div><div class="chat chatmessage-kratosmana"><strong style="color:#267c36"><small>%</small><span class="username" data-name="kratosmana">kratosmana</span>:</strong> <em>jimmyyy</em></div><div class="spacer battle-history"><br></div><div class="battle-history">HODOR☼_☼ withdrew HODOR!<br></div><div class="battle-history">HODOR☼_☼ sent out HOLD THE DOOR (<strong>Rhydon</strong>)!<br></div><div class="spacer battle-history"><br></div><div class="battle-history">Raikou used <strong>Thunder</strong>!<br></div><div class="battle-history"><small>It doesn't affect the opposing HOLD THE DOOR...</small><br></div><div class="spacer battle-history"><br></div><h2 class="battle-history">Turn 2</h2><div class="chat chatmessage-hodor"><strong style="color:#6270da"><small>☆</small><span class="username" data-name="HODOR☼_☼">HODOR☼_☼</span>:</strong> <em>oh</em></div><div class="chat chatmessage-hodor"><strong style="color:#6270da"><small>☆</small><span class="username" data-name="HODOR☼_☼">HODOR☼_☼</span>:</strong> <em>the cancel button</em></div><div class="chat chatmessage-hodor"><strong style="color:#6270da"><small>☆</small><span class="username" data-name="HODOR☼_☼">HODOR☼_☼</span>:</strong> <em>doesnt work</em></div><div class="chat chatmessage-jimmyturtwig"><strong style="color:#9945d2"><small>☆</small><span class="username" data-name="Jimmy Turtwig">Jimmy Turtwig</span>:</strong> <em>y</em></div><div class="chat chatmessage-hodor"><strong style="color:#6270da"><small>☆</small><span class="username" data-name="HODOR☼_☼">HODOR☼_☼</span>:</strong> <em>rip</em></div><div class="chat chatmessage-jimmyturtwig"><strong style="color:#9945d2"><small>☆</small><span class="username" data-name="Jimmy Turtwig">Jimmy Turtwig</span>:</strong> <em>think before clicking D:</em></div><div class="chat chatmessage-hodor"><strong style="color:#6270da"><small>☆</small><span class="username" data-name="HODOR☼_☼">HODOR☼_☼</span>:</strong> <em>welp thats kind of lame</em></div><div class="chat chatmessage-slurmz"><strong style="color:#9a6b42"><small>+</small><span class="username" data-name="slurmz">slurmz</span>:</strong> <em>HODOR</em></div><div class="spacer battle-history"><br></div><div class="battle-history">Raikou, come back!<br></div><div class="battle-history">Go! <strong>Skarmory</strong>!<br></div><div class="spacer battle-history"><br></div><div class="battle-history">HODOR☼_☼ withdrew HOLD THE DOOR!<br></div><div class="battle-history">HODOR☼_☼ sent out HOLD DA DOOR (<strong>Cloyster</strong>)!<br></div><div class="spacer battle-history"><br></div><h2 class="battle-history">Turn 3</h2><div class="chat"><div class="broadcast-red"><b>Moderated chat was set to @!</b><br>Only users of rank @ and higher can talk.</div></div><div class="chat chatmessage-jimmyturtwig"><strong style="color:#9945d2"><small>☆</small><span class="username" data-name="Jimmy Turtwig">Jimmy Turtwig</span>:</strong> <em>heh i cancelled too</em></div><div class="chat chatmessage-jimmyturtwig"><strong style="color:#9945d2"><small>☆</small><span class="username" data-name="Jimmy Turtwig">Jimmy Turtwig</span>:</strong> <em>ok 1 each</em></div><div class="spacer battle-history"><br></div><div class="battle-history">Skarmory, come back!<br></div><div class="battle-history">Go! <strong>Cloyster</strong>!<br></div><div class="spacer battle-history"><br></div><div class="battle-history">The opposing HOLD DA DOOR used <strong>Spikes</strong>!<br></div><div class="battle-history"><small>Spikes were scattered on the ground all around your team!</small><br></div><div class="spacer battle-history"><br></div><h2 class="battle-history">Turn 4</h2><div class="spacer battle-history"><br></div><div class="battle-history">Cloyster used <strong>Spikes</strong>!<br></div><div class="battle-history"><small>Spikes were scattered on the ground all around the opposing team!</small><br></div><div class="spacer battle-history"><br></div><div class="battle-history">The opposing HOLD DA DOOR used <strong>Hidden Power</strong>!<br></div><div class="battle-history"><small>It's super effective!</small><br></div><div class="battle-history"><small>(Cloyster lost <abbr title="−153/287">53.3%</abbr> of its health!)</small><br></div><div class="spacer battle-history"><br></div><div class="battle-history"><small>Cloyster restored a little HP using its Leftovers!</small><br></div><div class="spacer battle-history"><br></div><h2 class="battle-history">Turn 5</h2><div class="spacer battle-history"><br></div><div class="battle-history">Cloyster, come back!<br></div><div class="battle-history">Go! <strong>Raikou</strong>!<br></div><div class="battle-history"><small>Raikou was hurt by the spikes!</small><br></div><div class="spacer battle-history"><br></div><div class="battle-history">The opposing HOLD DA DOOR used <strong>Hidden Power</strong>!<br></div><div class="battle-history"><small>It's not very effective...</small><br></div><div class="battle-history"><small>(Raikou lost <abbr title="−25/383">6.5%</abbr> of its health!)</small><br></div><div class="spacer battle-history"><br></div><div class="battle-history"><small>Raikou restored a little HP using its Leftovers!</small><br></div><div class="spacer battle-history"><br></div><h2 class="battle-history">Turn 6</h2><div class="spacer battle-history"><br></div><div class="battle-history">HODOR☼_☼ withdrew HOLD DA DOOR!<br></div><div class="battle-history">HODOR☼_☼ sent out HOLD THE DOOR (<strong>Rhydon</strong>)!<br></div><div class="battle-history"><small>The opposing HOLD THE DOOR was hurt by the spikes!</small><br></div><div class="spacer battle-history"><br></div><div class="battle-history">Raikou used <strong>Thunder</strong>!<br></div><div class="battle-history"><small>It doesn't affect the opposing HOLD THE DOOR...</small><br></div><div class="spacer battle-history"><br></div><div class="battle-history"><small>Raikou restored a little HP using its Leftovers!</small><br></div><div class="battle-history"><small>The opposing HOLD THE DOOR restored a little HP using its Leftovers!</small><br></div><div class="spacer battle-history"><br></div><h2 class="battle-history">Turn 7</h2><div class="spacer battle-history"><br></div><div class="battle-history">Raikou, come back!<br></div><div class="battle-history">Go! <strong>Heracross</strong>!<br></div><div class="battle-history"><small>Heracross was hurt by the spikes!</small><br></div><div class="spacer battle-history"><br></div><div class="battle-history">The opposing HOLD THE DOOR used <strong>Earthquake</strong>!<br></div><div class="battle-history"><small>It's not very effective...</small><br></div><div class="battle-history"><small>(Heracross lost <abbr title="−83/363">22.9%</abbr> of its health!)</small><br></div><div class="spacer battle-history"><br></div><div class="battle-history"><small>Heracross restored a little HP using its Leftovers!</small><br></div><div class="battle-history"><small>The opposing HOLD THE DOOR restored a little HP using its Leftovers!</small><br></div><div class="spacer battle-history"><br></div><h2 class="battle-history">Turn 8</h2><div class="spacer battle-history"><br></div><div class="battle-history">Heracross used <strong>Seismic Toss</strong>!<br></div><div class="battle-history"><small>(The opposing HOLD THE DOOR lost <abbr title="−100/413">24.2%</abbr> of its health!)</small><br></div><div class="spacer battle-history"><br></div><div class="battle-history">The opposing HOLD THE DOOR used <strong>Roar</strong>!<br></div><div class="spacer battle-history"><br></div><div class="battle-history"><strong>Raikou</strong> was dragged out!<br></div><div class="battle-history"><small>Raikou was hurt by the spikes!</small><br></div><div class="spacer battle-history"><br></div><div class="battle-history"><small>Raikou restored a little HP using its Leftovers!</small><br></div><div class="battle-history"><small>The opposing HOLD THE DOOR restored a little HP using its Leftovers!</small><br></div><div class="spacer battle-history"><br></div><h2 class="battle-history">Turn 9</h2><div class="spacer battle-history"><br></div><div class="battle-history">Raikou, come back!<br></div><div class="battle-history">Go! <strong>Heracross</strong>!<br></div><div class="battle-history"><small>Heracross was hurt by the spikes!</small><br></div><div class="spacer battle-history"><br></div><div class="battle-history">The opposing HOLD THE DOOR used <strong>Earthquake</strong>!<br></div><div class="battle-history"><small>It's not very effective...</small><br></div><div class="battle-history"><small>(Heracross lost <abbr title="−89/363">24.5%</abbr> of its health!)</small><br></div><div class="spacer battle-history"><br></div><div class="battle-history"><small>Heracross restored a little HP using its Leftovers!</small><br></div><div class="battle-history"><small>The opposing HOLD THE DOOR restored a little HP using its Leftovers!</small><br></div><div class="spacer battle-history"><br></div><h2 class="battle-history">Turn 10</h2><div class="spacer battle-history"><br></div><div class="battle-history">Heracross used <strong>Megahorn</strong>!<br></div><div class="battle-history"><small>(The opposing HOLD THE DOOR lost <abbr title="−150/413">36.3%</abbr> of its health!)</small><br></div><div class="spacer battle-history"><br></div><div class="battle-history">The opposing HOLD THE DOOR used <strong>Curse</strong>!<br></div><div class="battle-history"><small>The opposing HOLD THE DOOR's Speed fell!</small><br></div><div class="battle-history"><small>The opposing HOLD THE DOOR's Attack rose!</small><br></div><div class="battle-history"><small>The opposing HOLD THE DOOR's Defense rose!</small><br></div><div class="spacer battle-history"><br></div><div class="battle-history"><small>Heracross restored a little HP using its Leftovers!</small><br></div><div class="battle-history"><small>The opposing HOLD THE DOOR restored a little HP using its Leftovers!</small><br></div><div class="spacer battle-history"><br></div><h2 class="battle-history">Turn 11</h2><div class="spacer battle-history"><br></div><div class="battle-history">Heracross, come back!<br></div><div class="battle-history">Go! <strong>Snorlax</strong>!<br></div><div class="battle-history"><small>Snorlax was hurt by the spikes!</small><br></div><div class="spacer battle-history"><br></div><div class="battle-history">The opposing HOLD THE DOOR used <strong>Roar</strong>!<br></div><div class="spacer battle-history"><br></div><div class="battle-history"><strong>Raikou</strong> was dragged out!<br></div><div class="battle-history"><small>Raikou was hurt by the spikes!</small><br></div><div class="spacer battle-history"><br></div><div class="battle-history"><small>Raikou restored a little HP using its Leftovers!</small><br></div><div class="battle-history"><small>The opposing HOLD THE DOOR restored a little HP using its Leftovers!</small><br></div><div class="spacer battle-history"><br></div><h2 class="battle-history">Turn 12</h2><div class="spacer battle-history"><br></div><div class="battle-history">Raikou, come back!<br></div><div class="battle-history">Go! <strong>Skarmory</strong>!<br></div><div class="spacer battle-history"><br></div><div class="battle-history">The opposing HOLD THE DOOR used <strong>Rock Slide</strong>!<br></div><div class="battle-history"><small>(Skarmory lost <abbr title="−132/333">39.6%</abbr> of its health!)</small><br></div><div class="spacer battle-history"><br></div><div class="battle-history"><small>Skarmory restored a little HP using its Leftovers!</small><br></div><div class="battle-history"><small>The opposing HOLD THE DOOR restored a little HP using its Leftovers!</small><br></div><div class="spacer battle-history"><br></div><h2 class="battle-history">Turn 13</h2><div class="spacer battle-history"><br></div><div class="battle-history">Skarmory used <strong>Whirlwind</strong>!<br></div><div class="battle-history"><small>But it failed!</small><br></div><div class="spacer battle-history"><br></div><div class="battle-history">The opposing HOLD THE DOOR used <strong>Roar</strong>!<br></div><div class="spacer battle-history"><br></div><div class="battle-history"><strong>Snorlax</strong> was dragged out!<br></div><div class="battle-history"><small>Snorlax was hurt by the spikes!</small><br></div><div class="spacer battle-history"><br></div><div class="battle-history"><small>Snorlax restored a little HP using its Leftovers!</small><br></div><div class="battle-history"><small>The opposing HOLD THE DOOR restored a little HP using its Leftovers!</small><br></div><div class="spacer battle-history"><br></div><h2 class="battle-history">Turn 14</h2><div class="spacer battle-history"><br></div><div class="battle-history">Snorlax used <strong>Lovely Kiss</strong>!<br></div><div class="battle-history"><small>The opposing HOLD THE DOOR fell asleep!</small><br></div><div class="spacer battle-history"><br></div><div class="battle-history">The opposing HOLD THE DOOR is fast asleep.<br></div><div class="spacer battle-history"><br></div><div class="battle-history"><small>Snorlax restored a little HP using its Leftovers!</small><br></div><div class="battle-history"><small>The opposing HOLD THE DOOR restored a little HP using its Leftovers!</small><br></div><div class="spacer battle-history"><br></div><h2 class="battle-history">Turn 15</h2><div class="spacer battle-history"><br></div><div class="battle-history">Snorlax, come back!<br></div><div class="battle-history">Go! <strong>Cloyster</strong>!<br></div><div class="battle-history"><small>Cloyster was hurt by the spikes!</small><br></div><div class="spacer battle-history"><br></div><div class="battle-history">The opposing HOLD THE DOOR is fast asleep.<br></div><div class="spacer battle-history"><br></div><div class="battle-history"><small>Cloyster restored a little HP using its Leftovers!</small><br></div><div class="battle-history"><small>The opposing HOLD THE DOOR restored a little HP using its Leftovers!</small><br></div><div class="spacer battle-history"><br></div><h2 class="battle-history">Turn 16</h2><div class="spacer battle-history"><br></div><div class="battle-history">HODOR☼_☼ withdrew HOLD THE DOOR!<br></div><div class="battle-history">HODOR☼_☼ sent out HOLD DA DOOR (<strong>Cloyster</strong>)!<br></div><div class="battle-history"><small>The opposing HOLD DA DOOR was hurt by the spikes!</small><br></div><div class="spacer battle-history"><br></div><div class="battle-history">Cloyster used <strong>Rapid Spin</strong>!<br></div><div class="battle-history"><small>(The opposing HOLD DA DOOR lost <abbr title="−10/287">3.5%</abbr> of its health!)</small><br></div><div class="battle-history"><small>The spikes disappeared from the ground around your team!</small><br></div><div class="spacer battle-history"><br></div><div class="battle-history"><small>Cloyster restored a little HP using its Leftovers!</small><br></div><div class="battle-history"><small>The opposing HOLD DA DOOR restored a little HP using its Leftovers!</small><br></div><div class="spacer battle-history"><br></div><h2 class="battle-history">Turn 17</h2><div class="spacer battle-history"><br></div><div class="battle-history">The opposing HOLD DA DOOR used <strong>Spikes</strong>!<br></div><div class="battle-history"><small>Spikes were scattered on the ground all around your team!</small><br></div><div class="spacer battle-history"><br></div><div class="battle-history">Cloyster used <strong>Hidden Power</strong>!<br></div><div class="battle-history"><small>It's super effective!</small><br></div><div class="battle-history"><small>(The opposing HOLD DA DOOR lost <abbr title="−154/287">53.7%</abbr> of its health!)</small><br></div><div class="spacer battle-history"><br></div><div class="battle-history"><small>The opposing HOLD DA DOOR restored a little HP using its Leftovers!</small><br></div><div class="battle-history"><small>Cloyster restored a little HP using its Leftovers!</small><br></div><div class="spacer battle-history"><br></div><h2 class="battle-history">Turn 18</h2><div class="spacer battle-history"><br></div><div class="battle-history">Cloyster, come back!<br></div><div class="battle-history">Go! <strong>Tyranitar</strong>!<br></div><div class="battle-history"><small>Tyranitar was hurt by the spikes!</small><br></div><div class="spacer battle-history"><br></div><div class="battle-history">HODOR☼_☼ withdrew HOLD DA DOOR!<br></div><div class="battle-history">HODOR☼_☼ sent out HODOOOR (<strong>Exeggutor</strong>)!<br></div><div class="battle-history"><small>The opposing HODOOOR was hurt by the spikes!</small><br></div><div class="spacer battle-history"><br></div><div class="battle-history"><small>Tyranitar restored a little HP using its Leftovers!</small><br></div><div class="battle-history"><small>The opposing HODOOOR restored a little HP using its Leftovers!</small><br></div><div class="spacer battle-history"><br></div><h2 class="battle-history">Turn 19</h2><div class="spacer battle-history"><br></div><div class="battle-history">Tyranitar used <strong>Fire Blast</strong>!<br></div><div class="battle-history"><small>It's super effective!</small><br></div><div class="battle-history"><small>(The opposing HODOOOR lost <abbr title="−233/393">59.3%</abbr> of its health!)</small><br></div><div class="spacer battle-history"><br></div><div class="battle-history">The opposing HODOOOR used <strong>Sleep Powder</strong>!<br></div><div class="battle-history"><small>Tyranitar avoided the attack!</small><br></div><div class="spacer battle-history"><br></div><div class="battle-history"><small>Tyranitar restored a little HP using its Leftovers!</small><br></div><div class="battle-history"><small>The opposing HODOOOR restored a little HP using its Leftovers!</small><br></div><div class="spacer battle-history"><br></div><h2 class="battle-history">Turn 20</h2><div class="chat chatmessage-hodor"><strong style="color:#6270da"><small>☆</small><span class="username" data-name="HODOR☼_☼">HODOR☼_☼</span>:</strong> <em>fuck</em></div><div class="spacer battle-history"><br></div><div class="battle-history">Tyranitar used <strong>Fire Blast</strong>!<br></div><div class="battle-history"><small>It's super effective!</small><br></div><div class="battle-history"><small>(The opposing HODOOOR lost <abbr title="−159/393">40.5%</abbr> of its health!)</small><br></div><div class="spacer battle-history"><br></div><div class="battle-history">The opposing HODOOOR fainted!<br></div><div class="spacer battle-history"><br></div><div class="battle-history">HODOR☼_☼ sent out HOLDDOOR (<strong>Machamp</strong>)!<br></div><div class="battle-history"><small>The opposing HOLDDOOR was hurt by the spikes!</small><br></div><div class="spacer battle-history"><br></div><div class="battle-history"><small>The opposing HOLDDOOR restored a little HP using its Leftovers!</small><br></div><div class="spacer battle-history"><br></div><h2 class="battle-history">Turn 21</h2><div class="spacer battle-history"><br></div><div class="battle-history">Tyranitar, come back!<br></div><div class="battle-history">Go! <strong>Heracross</strong>!<br></div><div class="battle-history"><small>Heracross was hurt by the spikes!</small><br></div><div class="spacer battle-history"><br></div><div class="battle-history">The opposing HOLDDOOR used <strong>Curse</strong>!<br></div><div class="battle-history"><small>The opposing HOLDDOOR's Speed fell!</small><br></div><div class="battle-history"><small>The opposing HOLDDOOR's Attack rose!</small><br></div><div class="battle-history"><small>The opposing HOLDDOOR's Defense rose!</small><br></div><div class="spacer battle-history"><br></div><div class="battle-history"><small>Heracross restored a little HP using its Leftovers!</small><br></div><div class="battle-history"><small>The opposing HOLDDOOR restored a little HP using its Leftovers!</small><br></div><div class="spacer battle-history"><br></div><h2 class="battle-history">Turn 22</h2><div class="spacer battle-history"><br></div><div class="battle-history">Heracross used <strong>Seismic Toss</strong>!<br></div><div class="battle-history"><small>(The opposing HOLDDOOR lost <abbr title="−100/383">26.1%</abbr> of its health!)</small><br></div><div class="spacer battle-history"><br></div><div class="battle-history">The opposing HOLDDOOR used <strong>Rock Slide</strong>!<br></div><div class="battle-history"><small>(Heracross lost <abbr title="−131/363">36.1%</abbr> of its health!)</small><br></div><div class="spacer battle-history"><br></div><div class="battle-history"><small>Heracross restored a little HP using its Leftovers!</small><br></div><div class="battle-history"><small>The opposing HOLDDOOR restored a little HP using its Leftovers!</small><br></div><div class="spacer battle-history"><br></div><h2 class="battle-history">Turn 23</h2><div class="spacer battle-history"><br></div><div class="battle-history">Heracross used <strong>Rest</strong>!<br></div><div class="battle-history"><small>Heracross fell asleep!</small><br></div><div class="battle-history"><small>Heracross slept and became healthy!</small><br></div><div class="spacer battle-history"><br></div><div class="battle-history">The opposing HOLDDOOR used <strong>Curse</strong>!<br></div><div class="battle-history"><small>The opposing HOLDDOOR's Speed fell!</small><br></div><div class="battle-history"><small>The opposing HOLDDOOR's Attack rose!</small><br></div><div class="battle-history"><small>The opposing HOLDDOOR's Defense rose!</small><br></div><div class="spacer battle-history"><br></div><div class="battle-history"><small>The opposing HOLDDOOR restored a little HP using its Leftovers!</small><br></div><div class="spacer battle-history"><br></div><h2 class="battle-history">Turn 24</h2><div class="spacer battle-history"><br></div><div class="battle-history">Heracross is fast asleep.<br></div><div class="spacer battle-history"><br></div><div class="battle-history">Heracross used <strong>Sleep Talk</strong>!<br></div><div class="spacer battle-history"><br></div><div class="battle-history">Heracross used <strong>Rest</strong>!<br></div><div class="battle-history"><small>But it failed!</small><br></div><div class="spacer battle-history"><br></div><div class="battle-history">The opposing HOLDDOOR used <strong>Curse</strong>!<br></div><div class="battle-history"><small>The opposing HOLDDOOR's Speed fell!</small><br></div><div class="battle-history"><small>The opposing HOLDDOOR's Attack rose!</small><br></div><div class="battle-history"><small>The opposing HOLDDOOR's Defense rose!</small><br></div><div class="spacer battle-history"><br></div><div class="battle-history"><small>The opposing HOLDDOOR restored a little HP using its Leftovers!</small><br></div><div class="spacer battle-history"><br></div><h2 class="battle-history">Turn 25</h2><div class="spacer battle-history"><br></div><div class="battle-history">Heracross is fast asleep.<br></div><div class="spacer battle-history"><br></div><div class="battle-history">Heracross used <strong>Sleep Talk</strong>!<br></div><div class="spacer battle-history"><br></div><div class="battle-history">Heracross used <strong>Rest</strong>!<br></div><div class="battle-history"><small>But it failed!</small><br></div><div class="spacer battle-history"><br></div><div class="battle-history">The opposing HOLDDOOR used <strong>Rock Slide</strong>!<br></div><div class="battle-history"><small>Heracross avoided the attack!</small><br></div><div class="spacer battle-history"><br></div><div class="battle-history"><small>The opposing HOLDDOOR restored a little HP using its Leftovers!</small><br></div><div class="spacer battle-history"><br></div><h2 class="battle-history">Turn 26</h2><div class="chat chatmessage-hodor"><strong style="color:#6270da"><small>☆</small><span class="username" data-name="HODOR☼_☼">HODOR☼_☼</span>:</strong> <em>rby turn</em></div><div class="spacer battle-history"><br></div><div class="battle-history"><small>Heracross woke up!</small><br></div><div class="spacer battle-history"><br></div><div class="battle-history">Heracross used <strong>Seismic Toss</strong>!<br></div><div class="battle-history"><small>(The opposing HOLDDOOR lost <abbr title="−100/383">26.1%</abbr> of its health!)</small><br></div><div class="spacer battle-history"><br></div><div class="battle-history">The opposing HOLDDOOR used <strong>Rock Slide</strong>!<br></div><div class="battle-history"><small>(Heracross lost <abbr title="−194/363">53.4%</abbr> of its health!)</small><br></div><div class="spacer battle-history"><br></div><div class="battle-history"><small>Heracross restored a little HP using its Leftovers!</small><br></div><div class="battle-history"><small>The opposing HOLDDOOR restored a little HP using its Leftovers!</small><br></div><div class="spacer battle-history"><br></div><h2 class="battle-history">Turn 27</h2><div class="chat chatmessage-jimmyturtwig"><strong style="color:#9945d2"><small>☆</small><span class="username" data-name="Jimmy Turtwig">Jimmy Turtwig</span>:</strong> <em>y</em></div><div class="spacer battle-history"><br></div><div class="battle-history">Heracross used <strong>Seismic Toss</strong>!<br></div><div class="battle-history"><small>(The opposing HOLDDOOR lost <abbr title="−100/383">26.1%</abbr> of its health!)</small><br></div><div class="spacer battle-history"><br></div><div class="battle-history">The opposing HOLDDOOR used <strong>Rock Slide</strong>!<br></div><div class="battle-history"><small>Heracross avoided the attack!</small><br></div><div class="spacer battle-history"><br></div><div class="battle-history"><small>Heracross restored a little HP using its Leftovers!</small><br></div><div class="battle-history"><small>The opposing HOLDDOOR restored a little HP using its Leftovers!</small><br></div><div class="spacer battle-history"><br></div><h2 class="battle-history">Turn 28</h2><div class="chat chatmessage-hodor"><strong style="color:#6270da"><small>☆</small><span class="username" data-name="HODOR☼_☼">HODOR☼_☼</span>:</strong> <em>fuck</em></div><div class="chat chatmessage-hodor"><strong style="color:#6270da"><small>☆</small><span class="username" data-name="HODOR☼_☼">HODOR☼_☼</span>:</strong> <em>god damn it</em></div><div class="chat chatmessage-hodor"><strong style="color:#6270da"><small>☆</small><span class="username" data-name="HODOR☼_☼">HODOR☼_☼</span>:</strong> <em>this game doesnt like me</em></div><div class="spacer battle-history"><br></div><div class="battle-history">Heracross used <strong>Seismic Toss</strong>!<br></div><div class="battle-history"><small>(The opposing HOLDDOOR lost <abbr title="−100/383">26.1%</abbr> of its health!)</small><br></div><div class="spacer battle-history"><br></div><div class="battle-history">The opposing HOLDDOOR used <strong>Rock Slide</strong>!<br></div><div class="battle-history"><small>(Heracross lost <abbr title="−204/363">56.2%</abbr> of its health!)</small><br></div><div class="spacer battle-history"><br></div><div class="battle-history"><small>Heracross restored a little HP using its Leftovers!</small><br></div><div class="battle-history"><small>The opposing HOLDDOOR restored a little HP using its Leftovers!</small><br></div><div class="spacer battle-history"><br></div><h2 class="battle-history">Turn 29</h2><div class="spacer battle-history"><br></div><div class="battle-history">Heracross used <strong>Seismic Toss</strong>!<br></div><div class="battle-history"><small>(The opposing HOLDDOOR lost <abbr title="−100/383">26.1%</abbr> of its health!)</small><br></div><div class="spacer battle-history"><br></div><div class="battle-history">The opposing HOLDDOOR used <strong>Rock Slide</strong>!<br></div><div class="battle-history"><small>(Heracross lost <abbr title="−31/363">8.5%</abbr> of its health!)</small><br></div><div class="spacer battle-history"><br></div><div class="battle-history">Heracross fainted!<br></div><div class="spacer battle-history"><br></div><div class="battle-history">Go! <strong>Cloyster</strong>!<br></div><div class="battle-history"><small>Cloyster was hurt by the spikes!</small><br></div><div class="spacer battle-history"><br></div><div class="battle-history"><small>Cloyster restored a little HP using its Leftovers!</small><br></div><div class="battle-history"><small>The opposing HOLDDOOR restored a little HP using its Leftovers!</small><br></div><div class="spacer battle-history"><br></div><h2 class="battle-history">Turn 30</h2><div class="spacer battle-history"><br></div><div class="battle-history">HODOR☼_☼ withdrew HOLDDOOR!<br></div><div class="battle-history">HODOR☼_☼ sent out HODOR (<strong>Zapdos</strong>)!<br></div><div class="spacer battle-history"><br></div><div class="battle-history">Cloyster used <strong>Surf</strong>!<br></div><div class="battle-history"><small>(The opposing HODOR lost <abbr title="−118/383">30.8%</abbr> of its health!)</small><br></div><div class="spacer battle-history"><br></div><div class="battle-history"><small>The opposing HODOR restored a little HP using its Leftovers!</small><br></div><div class="battle-history"><small>Cloyster restored a little HP using its Leftovers!</small><br></div><div class="spacer battle-history"><br></div><h2 class="battle-history">Turn 31</h2><div class="spacer battle-history"><br></div><div class="battle-history">Cloyster, come back!<br></div><div class="battle-history">Go! <strong>Raikou</strong>!<br></div><div class="battle-history"><small>Raikou was hurt by the spikes!</small><br></div><div class="spacer battle-history"><br></div><div class="battle-history">The opposing HODOR used <strong>Thunder</strong>!<br></div><div class="battle-history"><small>It's not very effective...</small><br></div><div class="battle-history"><small>(Raikou lost <abbr title="−81/383">21.1%</abbr> of its health!)</small><br></div><div class="spacer battle-history"><br></div><div class="battle-history"><small>Raikou restored a little HP using its Leftovers!</small><br></div><div class="battle-history"><small>The opposing HODOR restored a little HP using its Leftovers!</small><br></div><div class="spacer battle-history"><br></div><h2 class="battle-history">Turn 32</h2><div class="spacer battle-history"><br></div><div class="battle-history">Raikou used <strong>Hidden Power</strong>!<br></div><div class="battle-history"><small>It's super effective!</small><br></div><div class="battle-history"><small>(The opposing HODOR lost <abbr title="−138/383">36.0%</abbr> of its health!)</small><br></div><div class="spacer battle-history"><br></div><div class="battle-history">The opposing HODOR used <strong>Thunder</strong>!<br></div><div class="battle-history"><small>Raikou avoided the attack!</small><br></div><div class="spacer battle-history"><br></div><div class="battle-history"><small>Raikou restored a little HP using its Leftovers!</small><br></div><div class="battle-history"><small>The opposing HODOR restored a little HP using its Leftovers!</small><br></div><div class="spacer battle-history"><br></div><h2 class="battle-history">Turn 33</h2><div class="spacer battle-history"><br></div><div class="battle-history">HODOR☼_☼ withdrew HODOR!<br></div><div class="battle-history">HODOR☼_☼ sent out HOLDOR (<strong>Snorlax</strong>)!<br></div><div class="battle-history"><small>The opposing HOLDOR was hurt by the spikes!</small><br></div><div class="spacer battle-history"><br></div><div class="battle-history">Raikou used <strong>Thunder</strong>!<br></div><div class="battle-history"><small>(The opposing HOLDOR lost <abbr title="−153/523">29.3%</abbr> of its health!)</small><br></div><div class="spacer battle-history"><br></div><div class="battle-history"><small>Raikou restored a little HP using its Leftovers!</small><br></div><div class="battle-history"><small>The opposing HOLDOR restored a little HP using its Leftovers!</small><br></div><div class="spacer battle-history"><br></div><h2 class="battle-history">Turn 34</h2><div class="spacer battle-history"><br></div><div class="battle-history">Raikou, come back!<br></div><div class="battle-history">Go! <strong>Tyranitar</strong>!<br></div><div class="battle-history"><small>Tyranitar was hurt by the spikes!</small><br></div><div class="spacer battle-history"><br></div><div class="battle-history">The opposing HOLDOR used <strong>Body Slam</strong>!<br></div><div class="battle-history"><small>It's not very effective...</small><br></div><div class="battle-history"><small>(Tyranitar lost <abbr title="−50/403">12.4%</abbr> of its health!)</small><br></div><div class="battle-history"><small>Tyranitar is paralyzed! It may be unable to move!</small><br></div><div class="spacer battle-history"><br></div><div class="battle-history"><small>The opposing HOLDOR restored a little HP using its Leftovers!</small><br></div><div class="battle-history"><small>Tyranitar restored a little HP using its Leftovers!</small><br></div><div class="spacer battle-history"><br></div><h2 class="battle-history">Turn 35</h2><div class="spacer battle-history"><br></div><div class="battle-history">The opposing HOLDOR used <strong>Curse</strong>!<br></div><div class="battle-history"><small>The opposing HOLDOR's Speed fell!</small><br></div><div class="battle-history"><small>The opposing HOLDOR's Attack rose!</small><br></div><div class="battle-history"><small>The opposing HOLDOR's Defense rose!</small><br></div><div class="spacer battle-history"><br></div><div class="battle-history">Tyranitar used <strong>Roar</strong>!<br></div><div class="spacer battle-history"><br></div><div class="battle-history">HODOR (<strong>Zapdos</strong>) was dragged out!<br></div><div class="spacer battle-history"><br></div><div class="battle-history"><small>The opposing HODOR restored a little HP using its Leftovers!</small><br></div><div class="battle-history"><small>Tyranitar restored a little HP using its Leftovers!</small><br></div><div class="spacer battle-history"><br></div><h2 class="battle-history">Turn 36</h2><div class="spacer battle-history"><br></div><div class="battle-history">The opposing HODOR used <strong>Thunder</strong>!<br></div><div class="battle-history"><small>(Tyranitar lost <abbr title="−156/403">38.7%</abbr> of its health!)</small><br></div><div class="spacer battle-history"><br></div><div class="battle-history">Tyranitar is paralyzed! It can't move!<br></div><div class="spacer battle-history"><br></div><div class="battle-history"><small>The opposing HODOR restored a little HP using its Leftovers!</small><br></div><div class="battle-history"><small>Tyranitar restored a little HP using its Leftovers!</small><br></div><div class="spacer battle-history"><br></div><h2 class="battle-history">Turn 37</h2><div class="spacer battle-history"><br></div><div class="battle-history">Tyranitar, come back!<br></div><div class="battle-history">Go! <strong>Raikou</strong>!<br></div><div class="battle-history"><small>Raikou was hurt by the spikes!</small><br></div><div class="spacer battle-history"><br></div><div class="battle-history">The opposing HODOR used <strong>Thunder</strong>!<br></div><div class="battle-history"><small>It's not very effective...</small><br></div><div class="battle-history"><small>(Raikou lost <abbr title="−80/383">20.9%</abbr> of its health!)</small><br></div><div class="battle-history"><small>Raikou is paralyzed! It may be unable to move!</small><br></div><div class="spacer battle-history"><br></div><div class="battle-history"><small>The opposing HODOR restored a little HP using its Leftovers!</small><br></div><div class="battle-history"><small>Raikou restored a little HP using its Leftovers!</small><br></div><div class="spacer battle-history"><br></div><h2 class="battle-history">Turn 38</h2><div class="spacer battle-history"><br></div><div class="battle-history">The opposing HODOR used <strong>Thunder</strong>!<br></div><div class="battle-history"><small>It's not very effective...</small><br></div><div class="battle-history"><small>(Raikou lost <abbr title="−86/383">22.5%</abbr> of its health!)</small><br></div><div class="spacer battle-history"><br></div><div class="battle-history">Raikou used <strong>Rest</strong>!<br></div><div class="battle-history"><small>Raikou fell asleep!</small><br></div><div class="battle-history"><small>Raikou slept and became healthy!</small><br></div><div class="spacer battle-history"><br></div><div class="battle-history"><small>The opposing HODOR restored a little HP using its Leftovers!</small><br></div><div class="spacer battle-history"><br></div><h2 class="battle-history">Turn 39</h2><div class="spacer battle-history"><br></div><div class="battle-history">HODOR☼_☼ withdrew HODOR!<br></div><div class="battle-history">HODOR☼_☼ sent out HOLDOR (<strong>Snorlax</strong>)!<br></div><div class="battle-history"><small>The opposing HOLDOR was hurt by the spikes!</small><br></div><div class="spacer battle-history"><br></div><div class="battle-history">Raikou is fast asleep.<br></div><div class="spacer battle-history"><br></div><div class="battle-history">Raikou used <strong>Sleep Talk</strong>!<br></div><div class="spacer battle-history"><br></div><div class="battle-history">Raikou used <strong>Rest</strong>!<br></div><div class="battle-history"><small>But it failed!</small><br></div><div class="spacer battle-history"><br></div><div class="battle-history"><small>The opposing HOLDOR restored a little HP using its Leftovers!</small><br></div><div class="spacer battle-history"><br></div><h2 class="battle-history">Turn 40</h2><div class="spacer battle-history"><br></div><div class="battle-history">Raikou, come back!<br></div><div class="battle-history">Go! <strong>Skarmory</strong>!<br></div><div class="spacer battle-history"><br></div><div class="battle-history">The opposing HOLDOR used <strong>Curse</strong>!<br></div><div class="battle-history"><small>The opposing HOLDOR's Speed fell!</small><br></div><div class="battle-history"><small>The opposing HOLDOR's Attack rose!</small><br></div><div class="battle-history"><small>The opposing HOLDOR's Defense rose!</small><br></div><div class="spacer battle-history"><br></div><div class="battle-history"><small>Skarmory restored a little HP using its Leftovers!</small><br></div><div class="battle-history"><small>The opposing HOLDOR restored a little HP using its Leftovers!</small><br></div><div class="spacer battle-history"><br></div><h2 class="battle-history">Turn 41</h2><div class="spacer battle-history"><br></div><div class="battle-history">The opposing HOLDOR used <strong>Body Slam</strong>!<br></div><div class="battle-history"><small>It's not very effective...</small><br></div><div class="battle-history"><small>(Skarmory lost <abbr title="−64/333">19.2%</abbr> of its health!)</small><br></div><div class="battle-history"><small>Skarmory is paralyzed! It may be unable to move!</small><br></div><div class="spacer battle-history"><br></div><div class="battle-history">Skarmory used <strong>Whirlwind</strong>!<br></div><div class="spacer battle-history"><br></div><div class="battle-history">HOLD DA DOOR (<strong>Cloyster</strong>) was dragged out!<br></div><div class="battle-history"><small>The opposing HOLD DA DOOR was hurt by the spikes!</small><br></div><div class="spacer battle-history"><br></div><div class="battle-history"><small>The opposing HOLD DA DOOR restored a little HP using its Leftovers!</small><br></div><div class="battle-history"><small>Skarmory restored a little HP using its Leftovers!</small><br></div><div class="spacer battle-history"><br></div><h2 class="battle-history">Turn 42</h2><div class="spacer battle-history"><br></div><div class="battle-history">Skarmory, come back!<br></div><div class="battle-history">Go! <strong>Snorlax</strong>!<br></div><div class="battle-history"><small>Snorlax was hurt by the spikes!</small><br></div><div class="spacer battle-history"><br></div><div class="battle-history">The opposing HOLD DA DOOR used <strong>Surf</strong>!<br></div><div class="battle-history"><small>(Snorlax lost <abbr title="−94/523">18.0%</abbr> of its health!)</small><br></div><div class="spacer battle-history"><br></div><div class="battle-history"><small>The opposing HOLD DA DOOR restored a little HP using its Leftovers!</small><br></div><div class="battle-history"><small>Snorlax restored a little HP using its Leftovers!</small><br></div><div class="spacer battle-history"><br></div><h2 class="battle-history">Turn 43</h2><div class="spacer battle-history"><br></div><div class="battle-history">The opposing HOLD DA DOOR used <strong>Explosion</strong>!<br></div><div class="battle-history"><small>(Snorlax lost <abbr title="−330/523">63.1%</abbr> of its health!)</small><br></div><div class="spacer battle-history"><br></div><div class="battle-history">Snorlax fainted!<br></div><div class="battle-history">The opposing HOLD DA DOOR fainted!<br></div><div class="spacer battle-history"><br></div><div class="battle-history">Go! <strong>Raikou</strong>!<br></div><div class="spacer battle-history"><br></div><div class="battle-history">HODOR☼_☼ sent out HODOR (<strong>Zapdos</strong>)!<br></div><div class="battle-history"><small>Raikou was hurt by the spikes!</small><br></div><div class="spacer battle-history"><br></div><div class="battle-history"><small>Raikou restored a little HP using its Leftovers!</small><br></div><div class="battle-history"><small>The opposing HODOR restored a little HP using its Leftovers!</small><br></div><div class="spacer battle-history"><br></div><h2 class="battle-history">Turn 44</h2><div class="spacer battle-history"><br></div><div class="battle-history">HODOR☼_☼ withdrew HODOR!<br></div><div class="battle-history">HODOR☼_☼ sent out HOLD THE DOOR (<strong>Rhydon</strong>)!<br></div><div class="battle-history"><small>The opposing HOLD THE DOOR was hurt by the spikes!</small><br></div><div class="spacer battle-history"><br></div><div class="battle-history">Raikou is fast asleep.<br></div><div class="spacer battle-history"><br></div><div class="battle-history">Raikou used <strong>Sleep Talk</strong>!<br></div><div class="spacer battle-history"><br></div><div class="battle-history">Raikou used <strong>Thunder</strong>!<br></div><div class="battle-history"><small>It doesn't affect the opposing HOLD THE DOOR...</small><br></div><div class="spacer battle-history"><br></div><div class="battle-history"><small>Raikou restored a little HP using its Leftovers!</small><br></div><div class="battle-history"><small>The opposing HOLD THE DOOR restored a little HP using its Leftovers!</small><br></div><div class="spacer battle-history"><br></div><h2 class="battle-history">Turn 45</h2><div class="spacer battle-history"><br></div><div class="battle-history"><small>Raikou woke up!</small><br></div><div class="spacer battle-history"><br></div><div class="battle-history">Raikou used <strong>Hidden Power</strong>!<br></div><div class="battle-history"><small>It's super effective!</small><br></div><div class="battle-history"><small>(The opposing HOLD THE DOOR lost <abbr title="−205/413">49.6%</abbr> of its health!)</small><br></div><div class="spacer battle-history"><br></div><div class="battle-history">The opposing HOLD THE DOOR is fast asleep.<br></div><div class="spacer battle-history"><br></div><div class="battle-history"><small>Raikou restored a little HP using its Leftovers!</small><br></div><div class="battle-history"><small>The opposing HOLD THE DOOR restored a little HP using its Leftovers!</small><br></div><div class="spacer battle-history"><br></div><h2 class="battle-history">Turn 46</h2><div class="spacer battle-history"><br></div><div class="battle-history">HODOR☼_☼ withdrew HOLD THE DOOR!<br></div><div class="battle-history">HODOR☼_☼ sent out HOLDOR (<strong>Snorlax</strong>)!<br></div><div class="battle-history"><small>The opposing HOLDOR was hurt by the spikes!</small><br></div><div class="spacer battle-history"><br></div><div class="battle-history">Raikou used <strong>Hidden Power</strong>!<br></div><div class="battle-history"><small>(The opposing HOLDOR lost <abbr title="−58/523">11.1%</abbr> of its health!)</small><br></div><div class="spacer battle-history"><br></div><div class="battle-history"><small>The opposing HOLDOR restored a little HP using its Leftovers!</small><br></div><div class="spacer battle-history"><br></div><h2 class="battle-history">Turn 47</h2><div class="spacer battle-history"><br></div><div class="battle-history">Raikou, come back!<br></div><div class="battle-history">Go! <strong>Cloyster</strong>!<br></div><div class="battle-history"><small>Cloyster was hurt by the spikes!</small><br></div><div class="spacer battle-history"><br></div><div class="battle-history">The opposing HOLDOR used <strong>Rest</strong>!<br></div><div class="battle-history"><small>The opposing HOLDOR fell asleep!</small><br></div><div class="battle-history"><small>The opposing HOLDOR slept and became healthy!</small><br></div><div class="spacer battle-history"><br></div><div class="battle-history"><small>Cloyster restored a little HP using its Leftovers!</small><br></div><div class="spacer battle-history"><br></div><h2 class="battle-history">Turn 48</h2><div class="spacer battle-history"><br></div><div class="battle-history">Cloyster used <strong>Rapid Spin</strong>!<br></div><div class="battle-history"><small>(The opposing HOLDOR lost <abbr title="−21/523">4.0%</abbr> of its health!)</small><br></div><div class="battle-history"><small>The spikes disappeared from the ground around your team!</small><br></div><div class="spacer battle-history"><br></div><div class="battle-history">The opposing HOLDOR is fast asleep.<br></div><div class="spacer battle-history"><br></div><div class="battle-history"><small>Cloyster restored a little HP using its Leftovers!</small><br></div><div class="battle-history"><small>The opposing HOLDOR restored a little HP using its Leftovers!</small><br></div><div class="spacer battle-history"><br></div><h2 class="battle-history">Turn 49</h2><div class="spacer battle-history"><br></div><div class="battle-history">Cloyster, come back!<br></div><div class="battle-history">Go! <strong>Skarmory</strong>!<br></div><div class="spacer battle-history"><br></div><div class="battle-history">The opposing HOLDOR is fast asleep.<br></div><div class="spacer battle-history"><br></div><div class="battle-history"><small>Skarmory restored a little HP using its Leftovers!</small><br></div><div class="spacer battle-history"><br></div><h2 class="battle-history">Turn 50</h2><div class="spacer battle-history"><br></div><div class="battle-history"><small>The opposing HOLDOR woke up!</small><br></div><div class="spacer battle-history"><br></div><div class="battle-history">The opposing HOLDOR used <strong>Fire Blast</strong>!<br></div><div class="battle-history"><small>It's super effective!</small><br></div><div class="battle-history"><small>(Skarmory lost <abbr title="−189/333">56.8%</abbr> of its health!)</small><br></div><div class="spacer battle-history"><br></div><div class="battle-history">Skarmory used <strong>Rest</strong>!<br></div><div class="battle-history"><small>Skarmory fell asleep!</small><br></div><div class="battle-history"><small>Skarmory slept and became healthy!</small><br></div><div class="spacer battle-history"><br></div><h2 class="battle-history">Turn 51</h2><div class="spacer battle-history"><br></div><div class="battle-history">Skarmory, come back!<br></div><div class="battle-history">Go! <strong>Tyranitar</strong>!<br></div><div class="spacer battle-history"><br></div><div class="battle-history">HODOR☼_☼ withdrew HOLDOR!<br></div><div class="battle-history">HODOR☼_☼ sent out HOLD THE DOOR (<strong>Rhydon</strong>)!<br></div><div class="battle-history"><small>The opposing HOLD THE DOOR was hurt by the spikes!</small><br></div><div class="spacer battle-history"><br></div><div class="battle-history"><small>The opposing HOLD THE DOOR restored a little HP using its Leftovers!</small><br></div><div class="battle-history"><small>Tyranitar restored a little HP using its Leftovers!</small><br></div><div class="spacer battle-history"><br></div><h2 class="battle-history">Turn 52</h2><div class="spacer battle-history"><br></div><div class="battle-history">Tyranitar, come back!<br></div><div class="battle-history">Go! <strong>Cloyster</strong>!<br></div><div class="battle-history"><small>The opposing HOLD THE DOOR woke up!</small><br></div><div class="spacer battle-history"><br></div><div class="battle-history">The opposing HOLD THE DOOR used <strong>Earthquake</strong>!<br></div><div class="battle-history"><small>(Cloyster lost <abbr title="−99/287">34.5%</abbr> of its health!)</small><br></div><div class="spacer battle-history"><br></div><div class="battle-history"><small>Cloyster restored a little HP using its Leftovers!</small><br></div><div class="battle-history"><small>The opposing HOLD THE DOOR restored a little HP using its Leftovers!</small><br></div><div class="spacer battle-history"><br></div><h2 class="battle-history">Turn 53</h2><div class="spacer battle-history"><br></div><div class="battle-history">Cloyster, come back!<br></div><div class="battle-history">Go! <strong>Raikou</strong>!<br></div><div class="spacer battle-history"><br></div><div class="battle-history">HODOR☼_☼ withdrew HOLD THE DOOR!<br></div><div class="battle-history">HODOR☼_☼ sent out HODOR (<strong>Zapdos</strong>)!<br></div><div class="spacer battle-history"><br></div><div class="battle-history"><small>The opposing HODOR restored a little HP using its Leftovers!</small><br></div><div class="spacer battle-history"><br></div><h2 class="battle-history">Turn 54</h2><div class="spacer battle-history"><br></div><div class="battle-history">Raikou used <strong>Thunder</strong>!<br></div><div class="battle-history"><small>(The opposing HODOR lost <abbr title="−161/383">42.0%</abbr> of its health!)</small><br></div><div class="spacer battle-history"><br></div><div class="battle-history">The opposing HODOR used <strong>Thunder</strong>!<br></div><div class="battle-history"><small>Raikou avoided the attack!</small><br></div><div class="spacer battle-history"><br></div><div class="battle-history"><small>The opposing HODOR restored a little HP using its Leftovers!</small><br></div><div class="spacer battle-history"><br></div><h2 class="battle-history">Turn 55</h2><div class="spacer battle-history"><br></div><div class="battle-history">Raikou used <strong>Hidden Power</strong>!<br></div><div class="battle-history"><small>A critical hit!</small><br></div><div class="battle-history"><small>It's super effective!</small><br></div><div class="battle-history"><small>(The opposing HODOR lost <abbr title="−196/383">51.2%</abbr> of its health!)</small><br></div><div class="spacer battle-history"><br></div><div class="battle-history">The opposing HODOR fainted!<br></div><div class="spacer battle-history"><br></div><div class="battle-history">HODOR☼_☼ sent out HOLD THE DOOR (<strong>Rhydon</strong>)!<br></div><div class="battle-history"><small>The opposing HOLD THE DOOR was hurt by the spikes!</small><br></div><div class="spacer battle-history"><br></div><div class="battle-history"><small>The opposing HOLD THE DOOR restored a little HP using its Leftovers!</small><br></div><div class="spacer battle-history"><br></div><h2 class="battle-history">Turn 56</h2><div class="spacer battle-history"><br></div><div class="battle-history">Raikou, come back!<br></div><div class="battle-history">Go! <strong>Skarmory</strong>!<br></div><div class="spacer battle-history"><br></div><div class="battle-history">The opposing HOLD THE DOOR used <strong>Curse</strong>!<br></div><div class="battle-history"><small>The opposing HOLD THE DOOR's Speed fell!</small><br></div><div class="battle-history"><small>The opposing HOLD THE DOOR's Attack rose!</small><br></div><div class="battle-history"><small>The opposing HOLD THE DOOR's Defense rose!</small><br></div><div class="spacer battle-history"><br></div><div class="battle-history"><small>The opposing HOLD THE DOOR restored a little HP using its Leftovers!</small><br></div><div class="spacer battle-history"><br></div><h2 class="battle-history">Turn 57</h2><div class="spacer battle-history"><br></div><div class="battle-history">Skarmory is fast asleep.<br></div><div class="spacer battle-history"><br></div><div class="battle-history">The opposing HOLD THE DOOR used <strong>Curse</strong>!<br></div><div class="battle-history"><small>The opposing HOLD THE DOOR's Speed fell!</small><br></div><div class="battle-history"><small>The opposing HOLD THE DOOR's Attack rose!</small><br></div><div class="battle-history"><small>The opposing HOLD THE DOOR's Defense rose!</small><br></div><div class="spacer battle-history"><br></div><div class="battle-history"><small>The opposing HOLD THE DOOR restored a little HP using its Leftovers!</small><br></div><div class="spacer battle-history"><br></div><h2 class="battle-history">Turn 58</h2><div class="spacer battle-history"><br></div><div class="battle-history">Skarmory is fast asleep.<br></div><div class="spacer battle-history"><br></div><div class="battle-history">The opposing HOLD THE DOOR used <strong>Rock Slide</strong>!<br></div><div class="battle-history"><small>(Skarmory lost <abbr title="−162/333">48.6%</abbr> of its health!)</small><br></div><div class="spacer battle-history"><br></div><div class="battle-history"><small>Skarmory restored a little HP using its Leftovers!</small><br></div><div class="battle-history"><small>The opposing HOLD THE DOOR restored a little HP using its Leftovers!</small><br></div><div class="spacer battle-history"><br></div><h2 class="battle-history">Turn 59</h2><div class="spacer battle-history"><br></div><div class="battle-history"><small>Skarmory woke up!</small><br></div><div class="spacer battle-history"><br></div><div class="battle-history">Skarmory used <strong>Curse</strong>!<br></div><div class="battle-history"><small>Skarmory's Speed fell!</small><br></div><div class="battle-history"><small>Skarmory's Attack rose!</small><br></div><div class="battle-history"><small>Skarmory's Defense rose!</small><br></div><div class="spacer battle-history"><br></div><div class="battle-history">The opposing HOLD THE DOOR used <strong>Rock Slide</strong>!<br></div><div class="battle-history"><small>(Skarmory lost <abbr title="−114/333">34.2%</abbr> of its health!)</small><br></div><div class="spacer battle-history"><br></div><div class="battle-history"><small>Skarmory restored a little HP using its Leftovers!</small><br></div><div class="battle-history"><small>The opposing HOLD THE DOOR restored a little HP using its Leftovers!</small><br></div><div class="spacer battle-history"><br></div><h2 class="battle-history">Turn 60</h2><div class="spacer battle-history"><br></div><div class="battle-history">Skarmory used <strong>Curse</strong>!<br></div><div class="battle-history"><small>Skarmory's Speed fell!</small><br></div><div class="battle-history"><small>Skarmory's Attack rose!</small><br></div><div class="battle-history"><small>Skarmory's Defense rose!</small><br></div><div class="spacer battle-history"><br></div><div class="battle-history">The opposing HOLD THE DOOR used <strong>Roar</strong>!<br></div><div class="spacer battle-history"><br></div><div class="battle-history"><strong>Tyranitar</strong> was dragged out!<br></div><div class="spacer battle-history"><br></div><div class="battle-history"><small>The opposing HOLD THE DOOR restored a little HP using its Leftovers!</small><br></div><div class="battle-history"><small>Tyranitar restored a little HP using its Leftovers!</small><br></div><div class="spacer battle-history"><br></div><h2 class="battle-history">Turn 61</h2><div class="spacer battle-history"><br></div><div class="battle-history">Tyranitar, come back!<br></div><div class="battle-history">Go! <strong>Raikou</strong>!<br></div><div class="spacer battle-history"><br></div><div class="battle-history">The opposing HOLD THE DOOR used <strong>Rock Slide</strong>!<br></div><div class="battle-history"><small>(Raikou lost <abbr title="−248/383">64.8%</abbr> of its health!)</small><br></div><div class="spacer battle-history"><br></div><div class="battle-history"><small>Raikou restored a little HP using its Leftovers!</small><br></div><div class="battle-history"><small>The opposing HOLD THE DOOR restored a little HP using its Leftovers!</small><br></div><div class="spacer battle-history"><br></div><h2 class="battle-history">Turn 62</h2><div class="spacer battle-history"><br></div><div class="battle-history">Raikou used <strong>Hidden Power</strong>!<br></div><div class="battle-history"><small>It's super effective!</small><br></div><div class="battle-history"><small>(The opposing HOLD THE DOOR lost <abbr title="−188/413">45.5%</abbr> of its health!)</small><br></div><div class="spacer battle-history"><br></div><div class="battle-history">The opposing HOLD THE DOOR used <strong>Earthquake</strong>!<br></div><div class="battle-history"><small>It's super effective!</small><br></div><div class="battle-history"><small>(Raikou lost <abbr title="−158/383">41.3%</abbr> of its health!)</small><br></div><div class="spacer battle-history"><br></div><div class="battle-history">Raikou fainted!<br></div><div class="spacer battle-history"><br></div><div class="battle-history">Go! <strong>Cloyster</strong>!<br></div><div class="spacer battle-history"><br></div><div class="battle-history"><small>Cloyster restored a little HP using its Leftovers!</small><br></div><div class="battle-history"><small>The opposing HOLD THE DOOR restored a little HP using its Leftovers!</small><br></div><div class="spacer battle-history"><br></div><h2 class="battle-history">Turn 63</h2><div class="spacer battle-history"><br></div><div class="battle-history">HODOR☼_☼ withdrew HOLD THE DOOR!<br></div><div class="battle-history">HODOR☼_☼ sent out HOLDOR (<strong>Snorlax</strong>)!<br></div><div class="battle-history"><small>The opposing HOLDOR was hurt by the spikes!</small><br></div><div class="spacer battle-history"><br></div><div class="battle-history">Cloyster used <strong>Surf</strong>!<br></div><div class="battle-history"><small>(The opposing HOLDOR lost <abbr title="−92/523">17.6%</abbr> of its health!)</small><br></div><div class="spacer battle-history"><br></div><div class="battle-history"><small>Cloyster restored a little HP using its Leftovers!</small><br></div><div class="battle-history"><small>The opposing HOLDOR restored a little HP using its Leftovers!</small><br></div><div class="spacer battle-history"><br></div><h2 class="battle-history">Turn 64</h2><div class="spacer battle-history"><br></div><div class="battle-history">Cloyster, come back!<br></div><div class="battle-history">Go! <strong>Tyranitar</strong>!<br></div><div class="spacer battle-history"><br></div><div class="battle-history">HODOR☼_☼ withdrew HOLDOR!<br></div><div class="battle-history">HODOR☼_☼ sent out HOLD THE DOOR (<strong>Rhydon</strong>)!<br></div><div class="battle-history"><small>The opposing HOLD THE DOOR was hurt by the spikes!</small><br></div><div class="spacer battle-history"><br></div><div class="battle-history"><small>The opposing HOLD THE DOOR restored a little HP using its Leftovers!</small><br></div><div class="battle-history"><small>Tyranitar restored a little HP using its Leftovers!</small><br></div><div class="spacer battle-history"><br></div><h2 class="battle-history">Turn 65</h2><div class="spacer battle-history"><br></div><div class="battle-history">Tyranitar, come back!<br></div><div class="battle-history">Go! <strong>Skarmory</strong>!<br></div><div class="spacer battle-history"><br></div><div class="battle-history">The opposing HOLD THE DOOR used <strong>Earthquake</strong>!<br></div><div class="battle-history"><small>It doesn't affect Skarmory...</small><br></div><div class="spacer battle-history"><br></div><div class="battle-history"><small>Skarmory restored a little HP using its Leftovers!</small><br></div><div class="battle-history"><small>The opposing HOLD THE DOOR restored a little HP using its Leftovers!</small><br></div><div class="spacer battle-history"><br></div><h2 class="battle-history">Turn 66</h2><div class="chat chatmessage-hodor"><strong style="color:#6270da"><small>☆</small><span class="username" data-name="HODOR☼_☼">HODOR☼_☼</span>:</strong> <em>fuck this cancel button</em></div><div class="spacer battle-history"><br></div><div class="battle-history">The opposing HOLD THE DOOR used <strong>Curse</strong>!<br></div><div class="battle-history"><small>The opposing HOLD THE DOOR's Speed fell!</small><br></div><div class="battle-history"><small>The opposing HOLD THE DOOR's Attack rose!</small><br></div><div class="battle-history"><small>The opposing HOLD THE DOOR's Defense rose!</small><br></div><div class="spacer battle-history"><br></div><div class="battle-history">Skarmory used <strong>Whirlwind</strong>!<br></div><div class="spacer battle-history"><br></div><div class="battle-history">HOLDDOOR (<strong>Machamp</strong>) was dragged out!<br></div><div class="battle-history"><small>The opposing HOLDDOOR was hurt by the spikes!</small><br></div><div class="spacer battle-history"><br></div><div class="battle-history"><small>Skarmory restored a little HP using its Leftovers!</small><br></div><div class="battle-history"><small>The opposing HOLDDOOR restored a little HP using its Leftovers!</small><br></div><div class="spacer battle-history"><br></div><h2 class="battle-history">Turn 67</h2><div class="spacer battle-history"><br></div><div class="battle-history">Skarmory used <strong>Drill Peck</strong>!<br></div><div class="battle-history"><small>It's super effective!</small><br></div><div class="battle-history"><small>(The opposing HOLDDOOR lost <abbr title="−42/383">11.0%</abbr> of its health!)</small><br></div><div class="spacer battle-history"><br></div><div class="battle-history">The opposing HOLDDOOR fainted!<br></div><div class="spacer battle-history"><br></div><div class="battle-history">HODOR☼_☼ sent out HOLD THE DOOR (<strong>Rhydon</strong>)!<br></div><div class="battle-history"><small>The opposing HOLD THE DOOR was hurt by the spikes!</small><br></div><div class="spacer battle-history"><br></div><div class="battle-history"><small>Skarmory restored a little HP using its Leftovers!</small><br></div><div class="battle-history"><small>The opposing HOLD THE DOOR restored a little HP using its Leftovers!</small><br></div><div class="spacer battle-history"><br></div><h2 class="battle-history">Turn 68</h2><div class="spacer battle-history"><br></div><div class="battle-history">The opposing HOLD THE DOOR used <strong>Rock Slide</strong>!<br></div><div class="battle-history"><small>Skarmory avoided the attack!</small><br></div><div class="spacer battle-history"><br></div><div class="battle-history">Skarmory used <strong>Whirlwind</strong>!<br></div><div class="spacer battle-history"><br></div><div class="battle-history">HOLDOR (<strong>Snorlax</strong>) was dragged out!<br></div><div class="battle-history"><small>The opposing HOLDOR was hurt by the spikes!</small><br></div><div class="spacer battle-history"><br></div><div class="battle-history"><small>Skarmory restored a little HP using its Leftovers!</small><br></div><div class="battle-history"><small>The opposing HOLDOR restored a little HP using its Leftovers!</small><br></div><div class="spacer battle-history"><br></div><h2 class="battle-history">Turn 69</h2><div class="chat chatmessage-hodor"><strong style="color:#6270da"><small>☆</small><span class="username" data-name="HODOR☼_☼">HODOR☼_☼</span>:</strong> <em>3</em></div><div class="spacer battle-history"><br></div><div class="battle-history">Skarmory used <strong>Drill Peck</strong>!<br></div><div class="battle-history"><small>(The opposing HOLDOR lost <abbr title="−109/523">20.8%</abbr> of its health!)</small><br></div><div class="spacer battle-history"><br></div><div class="battle-history">The opposing HOLDOR used <strong>Body Slam</strong>!<br></div><div class="battle-history"><small>It's not very effective...</small><br></div><div class="battle-history"><small>(Skarmory lost <abbr title="−43/333">12.9%</abbr> of its health!)</small><br></div><div class="spacer battle-history"><br></div><div class="battle-history"><small>Skarmory restored a little HP using its Leftovers!</small><br></div><div class="battle-history"><small>The opposing HOLDOR restored a little HP using its Leftovers!</small><br></div><div class="spacer battle-history"><br></div><h2 class="battle-history">Turn 70</h2><div class="spacer battle-history"><br></div><div class="battle-history">Skarmory used <strong>Rest</strong>!<br></div><div class="battle-history"><small>Skarmory fell asleep!</small><br></div><div class="battle-history"><small>Skarmory slept and became healthy!</small><br></div><div class="spacer battle-history"><br></div><div class="battle-history">The opposing HOLDOR used <strong>Body Slam</strong>!<br></div><div class="battle-history"><small>It's not very effective...</small><br></div><div class="battle-history"><small>(Skarmory lost <abbr title="−43/333">12.9%</abbr> of its health!)</small><br></div><div class="spacer battle-history"><br></div><div class="battle-history"><small>Skarmory restored a little HP using its Leftovers!</small><br></div><div class="battle-history"><small>The opposing HOLDOR restored a little HP using its Leftovers!</small><br></div><div class="spacer battle-history"><br></div><h2 class="battle-history">Turn 71</h2><div class="spacer battle-history"><br></div><div class="battle-history">Skarmory, come back!<br></div><div class="battle-history">Go! <strong>Tyranitar</strong>!<br></div><div class="spacer battle-history"><br></div><div class="battle-history">HODOR☼_☼ withdrew HOLDOR!<br></div><div class="battle-history">HODOR☼_☼ sent out HOLD THE DOOR (<strong>Rhydon</strong>)!<br></div><div class="battle-history"><small>The opposing HOLD THE DOOR was hurt by the spikes!</small><br></div><div class="spacer battle-history"><br></div><div class="battle-history"><small>The opposing HOLD THE DOOR restored a little HP using its Leftovers!</small><br></div><div class="battle-history"><small>Tyranitar restored a little HP using its Leftovers!</small><br></div><div class="spacer battle-history"><br></div><h2 class="battle-history">Turn 72</h2><div class="spacer battle-history"><br></div><div class="battle-history">Tyranitar, come back!<br></div><div class="battle-history">Go! <strong>Skarmory</strong>!<br></div><div class="spacer battle-history"><br></div><div class="battle-history">The opposing HOLD THE DOOR used <strong>Curse</strong>!<br></div><div class="battle-history"><small>The opposing HOLD THE DOOR's Speed fell!</small><br></div><div class="battle-history"><small>The opposing HOLD THE DOOR's Attack rose!</small><br></div><div class="battle-history"><small>The opposing HOLD THE DOOR's Defense rose!</small><br></div><div class="spacer battle-history"><br></div><div class="battle-history"><small>Skarmory restored a little HP using its Leftovers!</small><br></div><div class="battle-history"><small>The opposing HOLD THE DOOR restored a little HP using its Leftovers!</small><br></div><div class="spacer battle-history"><br></div><h2 class="battle-history">Turn 73</h2><div class="spacer battle-history"><br></div><div class="battle-history">Skarmory is fast asleep.<br></div><div class="spacer battle-history"><br></div><div class="battle-history">The opposing HOLD THE DOOR used <strong>Curse</strong>!<br></div><div class="battle-history"><small>The opposing HOLD THE DOOR's Speed fell!</small><br></div><div class="battle-history"><small>The opposing HOLD THE DOOR's Attack rose!</small><br></div><div class="battle-history"><small>The opposing HOLD THE DOOR's Defense rose!</small><br></div><div class="spacer battle-history"><br></div><div class="battle-history"><small>Skarmory restored a little HP using its Leftovers!</small><br></div><div class="battle-history"><small>The opposing HOLD THE DOOR restored a little HP using its Leftovers!</small><br></div><div class="spacer battle-history"><br></div><h2 class="battle-history">Turn 74</h2><div class="spacer battle-history"><br></div><div class="battle-history">Skarmory is fast asleep.<br></div><div class="spacer battle-history"><br></div><div class="battle-history">The opposing HOLD THE DOOR used <strong>Rock Slide</strong>!<br></div><div class="battle-history"><small>A critical hit!</small><br></div><div class="battle-history"><small>(Skarmory lost <abbr title="−333/333">100%</abbr> of its health!)</small><br></div><div class="spacer battle-history"><br></div><div class="battle-history">Skarmory fainted!<br></div><div class="chat chatmessage-jimmyturtwig"><strong style="color:#9945d2"><small>☆</small><span class="username" data-name="Jimmy Turtwig">Jimmy Turtwig</span>:</strong> <em>rip gg</em></div><div class="spacer battle-history"><br></div><div class="battle-history">Go! <strong>Cloyster</strong>!<br></div><div class="spacer battle-history"><br></div><div class="battle-history"><small>Cloyster restored a little HP using its Leftovers!</small><br></div><div class="battle-history"><small>The opposing HOLD THE DOOR restored a little HP using its Leftovers!</small><br></div><div class="spacer battle-history"><br></div><h2 class="battle-history">Turn 75</h2><div class="chat chatmessage-hodor"><strong style="color:#6270da"><small>☆</small><span class="username" data-name="HODOR☼_☼">HODOR☼_☼</span>:</strong> <em>gg</em></div><div class="spacer battle-history"><br></div><div class="battle-history">HODOR☼_☼ withdrew HOLD THE DOOR!<br></div><div class="battle-history">HODOR☼_☼ sent out HOLDOR (<strong>Snorlax</strong>)!<br></div><div class="battle-history"><small>The opposing HOLDOR was hurt by the spikes!</small><br></div><div class="spacer battle-history"><br></div><div class="battle-history">Cloyster used <strong>Surf</strong>!<br></div><div class="battle-history"><small>(The opposing HOLDOR lost <abbr title="−92/523">17.6%</abbr> of its health!)</small><br></div><div class="spacer battle-history"><br></div><div class="battle-history"><small>Cloyster restored a little HP using its Leftovers!</small><br></div><div class="battle-history"><small>The opposing HOLDOR restored a little HP using its Leftovers!</small><br></div><div class="spacer battle-history"><br></div><h2 class="battle-history">Turn 76</h2><div class="chat chatmessage-jimmyturtwig"><strong style="color:#9945d2"><small>☆</small><span class="username" data-name="Jimmy Turtwig">Jimmy Turtwig</span>:</strong> <em>D:</em></div><div class="chat chatmessage-jimmyturtwig"><strong style="color:#9945d2"><small>☆</small><span class="username" data-name="Jimmy Turtwig">Jimmy Turtwig</span>:</strong> <em>what if i crit you</em></div><div class="spacer battle-history"><br></div><div class="battle-history">Cloyster used <strong>Surf</strong>!<br></div><div class="battle-history"><small>(The opposing HOLDOR lost <abbr title="−92/523">17.6%</abbr> of its health!)</small><br></div><div class="spacer battle-history"><br></div><div class="battle-history">The opposing HOLDOR used <strong>Rest</strong>!<br></div><div class="battle-history"><small>The opposing HOLDOR fell asleep!</small><br></div><div class="battle-history"><small>The opposing HOLDOR slept and became healthy!</small><br></div><div class="spacer battle-history"><br></div><div class="battle-history"><small>Cloyster restored a little HP using its Leftovers!</small><br></div><div class="spacer battle-history"><br></div><h2 class="battle-history">Turn 77</h2><div class="spacer battle-history"><br></div><div class="battle-history">Cloyster used <strong>Surf</strong>!<br></div><div class="battle-history"><small>(The opposing HOLDOR lost <abbr title="−89/523">17.0%</abbr> of its health!)</small><br></div><div class="spacer battle-history"><br></div><div class="battle-history">The opposing HOLDOR is fast asleep.<br></div><div class="spacer battle-history"><br></div><div class="battle-history"><small>Cloyster restored a little HP using its Leftovers!</small><br></div><div class="battle-history"><small>The opposing HOLDOR restored a little HP using its Leftovers!</small><br></div><div class="spacer battle-history"><br></div><h2 class="battle-history">Turn 78</h2><div class="spacer battle-history"><br></div><div class="battle-history">Cloyster used <strong>Surf</strong>!<br></div><div class="battle-history"><small>(The opposing HOLDOR lost <abbr title="−92/523">17.6%</abbr> of its health!)</small><br></div><div class="spacer battle-history"><br></div><div class="battle-history">The opposing HOLDOR is fast asleep.<br></div><div class="spacer battle-history"><br></div><div class="battle-history"><small>Cloyster restored a little HP using its Leftovers!</small><br></div><div class="battle-history"><small>The opposing HOLDOR restored a little HP using its Leftovers!</small><br></div><div class="spacer battle-history"><br></div><h2 class="battle-history">Turn 79</h2><div class="spacer battle-history"><br></div><div class="battle-history">Cloyster used <strong>Surf</strong>!<br></div><div class="battle-history"><small>(The opposing HOLDOR lost <abbr title="−88/523">16.8%</abbr> of its health!)</small><br></div><div class="battle-history"><small>The opposing HOLDOR woke up!</small><br></div><div class="spacer battle-history"><br></div><div class="battle-history">The opposing HOLDOR used <strong>Curse</strong>!<br></div><div class="battle-history"><small>The opposing HOLDOR's Speed fell!</small><br></div><div class="battle-history"><small>The opposing HOLDOR's Attack rose!</small><br></div><div class="battle-history"><small>The opposing HOLDOR's Defense rose!</small><br></div><div class="spacer battle-history"><br></div><div class="battle-history"><small>Cloyster restored a little HP using its Leftovers!</small><br></div><div class="battle-history"><small>The opposing HOLDOR restored a little HP using its Leftovers!</small><br></div><div class="spacer battle-history"><br></div><h2 class="battle-history">Turn 80</h2><div class="spacer battle-history"><br></div><div class="battle-history">Cloyster, come back!<br></div><div class="battle-history">Go! <strong>Tyranitar</strong>!<br></div><div class="spacer battle-history"><br></div><div class="battle-history">The opposing HOLDOR used <strong>Curse</strong>!<br></div><div class="battle-history"><small>The opposing HOLDOR's Speed fell!</small><br></div><div class="battle-history"><small>The opposing HOLDOR's Attack rose!</small><br></div><div class="battle-history"><small>The opposing HOLDOR's Defense rose!</small><br></div><div class="spacer battle-history"><br></div><div class="battle-history"><small>The opposing HOLDOR restored a little HP using its Leftovers!</small><br></div><div class="battle-history"><small>Tyranitar restored a little HP using its Leftovers!</small><br></div><div class="spacer battle-history"><br></div><h2 class="battle-history">Turn 81</h2><div class="spacer battle-history"><br></div><div class="battle-history">The opposing HOLDOR used <strong>Body Slam</strong>!<br></div><div class="battle-history"><small>It's not very effective...</small><br></div><div class="battle-history"><small>(Tyranitar lost <abbr title="−99/403">24.6%</abbr> of its health!)</small><br></div><div class="spacer battle-history"><br></div><div class="battle-history">Tyranitar is paralyzed! It can't move!<br></div><div class="spacer battle-history"><br></div><div class="battle-history"><small>The opposing HOLDOR restored a little HP using its Leftovers!</small><br></div><div class="battle-history"><small>Tyranitar restored a little HP using its Leftovers!</small><br></div><div class="spacer battle-history"><br></div><h2 class="battle-history">Turn 82</h2><div class="spacer battle-history"><br></div><div class="battle-history">The opposing HOLDOR used <strong>Body Slam</strong>!<br></div><div class="battle-history"><small>It's not very effective...</small><br></div><div class="battle-history"><small>(Tyranitar lost <abbr title="−103/403">25.6%</abbr> of its health!)</small><br></div><div class="spacer battle-history"><br></div><div class="battle-history">Tyranitar used <strong>Roar</strong>!<br></div><div class="spacer battle-history"><br></div><div class="battle-history">HOLD THE DOOR (<strong>Rhydon</strong>) was dragged out!<br></div><div class="battle-history"><small>The opposing HOLD THE DOOR was hurt by the spikes!</small><br></div><div class="spacer battle-history"><br></div><div class="battle-history"><small>The opposing HOLD THE DOOR restored a little HP using its Leftovers!</small><br></div><div class="battle-history"><small>Tyranitar restored a little HP using its Leftovers!</small><br></div><div class="spacer battle-history"><br></div><h2 class="battle-history">Turn 83</h2><div class="spacer battle-history"><br></div><div class="battle-history">Tyranitar, come back!<br></div><div class="battle-history">Go! <strong>Cloyster</strong>!<br></div><div class="spacer battle-history"><br></div><div class="battle-history">The opposing HOLD THE DOOR used <strong>Rock Slide</strong>!<br></div><div class="battle-history"><small>It's super effective!</small><br></div><div class="battle-history"><small>(Cloyster lost <abbr title="−142/287">49.5%</abbr> of its health!)</small><br></div><div class="spacer battle-history"><br></div><div class="battle-history"><small>Cloyster restored a little HP using its Leftovers!</small><br></div><div class="battle-history"><small>The opposing HOLD THE DOOR restored a little HP using its Leftovers!</small><br></div><div class="spacer battle-history"><br></div><h2 class="battle-history">Turn 84</h2><div class="spacer battle-history"><br></div><div class="battle-history">Cloyster used <strong>Surf</strong>!<br></div><div class="battle-history"><small>It's super effective!</small><br></div><div class="battle-history"><small>(The opposing HOLD THE DOOR lost <abbr title="−137/413">33.2%</abbr> of its health!)</small><br></div><div class="spacer battle-history"><br></div><div class="battle-history">The opposing HOLD THE DOOR fainted!<br></div><div class="spacer battle-history"><br></div><div class="battle-history">HODOR☼_☼ sent out HOLDOR (<strong>Snorlax</strong>)!<br></div><div class="battle-history"><small>The opposing HOLDOR was hurt by the spikes!</small><br></div><div class="spacer battle-history"><br></div><div class="battle-history"><small>Cloyster restored a little HP using its Leftovers!</small><br></div><div class="battle-history"><small>The opposing HOLDOR restored a little HP using its Leftovers!</small><br></div><div class="spacer battle-history"><br></div><h2 class="battle-history">Turn 85</h2><div class="spacer battle-history"><br></div><div class="battle-history">Cloyster used <strong>Surf</strong>!<br></div><div class="battle-history"><small>(The opposing HOLDOR lost <abbr title="−98/523">18.7%</abbr> of its health!)</small><br></div><div class="spacer battle-history"><br></div><div class="battle-history">The opposing HOLDOR used <strong>Curse</strong>!<br></div><div class="battle-history"><small>The opposing HOLDOR's Speed fell!</small><br></div><div class="battle-history"><small>The opposing HOLDOR's Attack rose!</small><br></div><div class="battle-history"><small>The opposing HOLDOR's Defense rose!</small><br></div><div class="spacer battle-history"><br></div><div class="battle-history"><small>Cloyster restored a little HP using its Leftovers!</small><br></div><div class="battle-history"><small>The opposing HOLDOR restored a little HP using its Leftovers!</small><br></div><div class="spacer battle-history"><br></div><h2 class="battle-history">Turn 86</h2><div class="spacer battle-history"><br></div><div class="battle-history">Cloyster used <strong>Surf</strong>!<br></div><div class="battle-history"><small>(The opposing HOLDOR lost <abbr title="−88/523">16.8%</abbr> of its health!)</small><br></div><div class="spacer battle-history"><br></div><div class="battle-history">The opposing HOLDOR used <strong>Curse</strong>!<br></div><div class="battle-history"><small>The opposing HOLDOR's Speed fell!</small><br></div><div class="battle-history"><small>The opposing HOLDOR's Attack rose!</small><br></div><div class="battle-history"><small>The opposing HOLDOR's Defense rose!</small><br></div><div class="spacer battle-history"><br></div><div class="battle-history"><small>Cloyster restored a little HP using its Leftovers!</small><br></div><div class="battle-history"><small>The opposing HOLDOR restored a little HP using its Leftovers!</small><br></div><div class="spacer battle-history"><br></div><h2 class="battle-history">Turn 87</h2><div class="spacer battle-history"><br></div><div class="battle-history">Cloyster used <strong>Surf</strong>!<br></div><div class="battle-history"><small>(The opposing HOLDOR lost <abbr title="−91/523">17.4%</abbr> of its health!)</small><br></div><div class="spacer battle-history"><br></div><div class="battle-history">The opposing HOLDOR used <strong>Rest</strong>!<br></div><div class="battle-history"><small>The opposing HOLDOR fell asleep!</small><br></div><div class="battle-history"><small>The opposing HOLDOR slept and became healthy!</small><br></div><div class="spacer battle-history"><br></div><div class="battle-history"><small>Cloyster restored a little HP using its Leftovers!</small><br></div><div class="spacer battle-history"><br></div><h2 class="battle-history">Turn 88</h2><div class="spacer battle-history"><br></div><div class="battle-history">Cloyster, come back!<br></div><div class="battle-history">Go! <strong>Tyranitar</strong>!<br></div><div class="spacer battle-history"><br></div><div class="battle-history">The opposing HOLDOR is fast asleep.<br></div><div class="spacer battle-history"><br></div><div class="battle-history"><small>Tyranitar restored a little HP using its Leftovers!</small><br></div><div class="spacer battle-history"><br></div><h2 class="battle-history">Turn 89</h2><div class="chat chatmessage-hodor"><strong style="color:#6270da"><small>☆</small><span class="username" data-name="HODOR☼_☼">HODOR☼_☼</span>:</strong> <em>incoming suprise dpunch?</em></div><div class="chat chatmessage-jimmyturtwig"><strong style="color:#9945d2"><small>☆</small><span class="username" data-name="Jimmy Turtwig">Jimmy Turtwig</span>:</strong> <em>my ttar was curse until 2 min before the game</em></div><div class="chat chatmessage-jimmyturtwig"><strong style="color:#9945d2"><small>☆</small><span class="username" data-name="Jimmy Turtwig">Jimmy Turtwig</span>:</strong> <em>alas</em></div><div class="spacer battle-history"><br></div><div class="battle-history">The opposing HOLDOR is fast asleep.<br></div><div class="spacer battle-history"><br></div><div class="battle-history">Tyranitar used <strong>Rock Slide</strong>!<br></div><div class="battle-history"><small>A critical hit!</small><br></div><div class="battle-history"><small>(The opposing HOLDOR lost <abbr title="−284/523">54.3%</abbr> of its health!)</small><br></div><div class="spacer battle-history"><br></div><div class="battle-history"><small>The opposing HOLDOR restored a little HP using its Leftovers!</small><br></div><div class="battle-history"><small>Tyranitar restored a little HP using its Leftovers!</small><br></div><div class="spacer battle-history"><br></div><h2 class="battle-history">Turn 90</h2><div class="chat chatmessage-jimmyturtwig"><strong style="color:#9945d2"><small>☆</small><span class="username" data-name="Jimmy Turtwig">Jimmy Turtwig</span>:</strong> <em>o</em></div><div class="chat chatmessage-jimmyturtwig"><strong style="color:#9945d2"><small>☆</small><span class="username" data-name="Jimmy Turtwig">Jimmy Turtwig</span>:</strong> <em>win con</em></div><div class="chat chatmessage-hodor"><strong style="color:#6270da"><small>☆</small><span class="username" data-name="HODOR☼_☼">HODOR☼_☼</span>:</strong> <em>:/</em></div><div class="spacer battle-history"><br></div><div class="battle-history"><small>The opposing HOLDOR woke up!</small><br></div><div class="spacer battle-history"><br></div><div class="battle-history">The opposing HOLDOR used <strong>Body Slam</strong>!<br></div><div class="battle-history"><small>It's not very effective...</small><br></div><div class="battle-history"><small>(Tyranitar lost <abbr title="−94/403">23.3%</abbr> of its health!)</small><br></div><div class="spacer battle-history"><br></div><div class="battle-history">Tyranitar used <strong>Rock Slide</strong>!<br></div><div class="battle-history"><small>The opposing HOLDOR avoided the attack!</small><br></div><div class="spacer battle-history"><br></div><div class="battle-history"><small>The opposing HOLDOR restored a little HP using its Leftovers!</small><br></div><div class="battle-history"><small>Tyranitar restored a little HP using its Leftovers!</small><br></div><div class="spacer battle-history"><br></div><h2 class="battle-history">Turn 91</h2><div class="spacer battle-history"><br></div><div class="battle-history">The opposing HOLDOR used <strong>Body Slam</strong>!<br></div><div class="battle-history"><small>It's not very effective...</small><br></div><div class="battle-history"><small>(Tyranitar lost <abbr title="−92/403">22.8%</abbr> of its health!)</small><br></div><div class="spacer battle-history"><br></div><div class="battle-history">Tyranitar used <strong>Rock Slide</strong>!<br></div><div class="battle-history"><small>(The opposing HOLDOR lost <abbr title="−71/523">13.6%</abbr> of its health!)</small><br></div><div class="spacer battle-history"><br></div><div class="battle-history"><small>The opposing HOLDOR restored a little HP using its Leftovers!</small><br></div><div class="battle-history"><small>Tyranitar restored a little HP using its Leftovers!</small><br></div><div class="spacer battle-history"><br></div><h2 class="battle-history">Turn 92</h2><div class="spacer battle-history"><br></div><div class="battle-history">The opposing HOLDOR used <strong>Rest</strong>!<br></div><div class="battle-history"><small>The opposing HOLDOR fell asleep!</small><br></div><div class="battle-history"><small>The opposing HOLDOR slept and became healthy!</small><br></div><div class="spacer battle-history"><br></div><div class="battle-history">Tyranitar used <strong>Rock Slide</strong>!<br></div><div class="battle-history"><small>The opposing HOLDOR avoided the attack!</small><br></div><div class="spacer battle-history"><br></div><div class="battle-history"><small>Tyranitar restored a little HP using its Leftovers!</small><br></div><div class="spacer battle-history"><br></div><h2 class="battle-history">Turn 93</h2><div class="chat chatmessage-hodor"><strong style="color:#6270da"><small>☆</small><span class="username" data-name="HODOR☼_☼">HODOR☼_☼</span>:</strong> <em>seriously</em></div><div class="chat chatmessage-jimmyturtwig"><strong style="color:#9945d2"><small>☆</small><span class="username" data-name="Jimmy Turtwig">Jimmy Turtwig</span>:</strong> <em>ok lets not stall this</em></div><div class="chat chatmessage-hodor"><strong style="color:#6270da"><small>☆</small><span class="username" data-name="HODOR☼_☼">HODOR☼_☼</span>:</strong> <em>thats 5 now</em></div><div class="spacer battle-history"><br></div><div class="battle-history"><small>Jimmy Turtwig forfeited.</small><br></div><div class="spacer battle-history"><br></div><div class="battle-history"><strong>HODOR☼_☼</strong> won the battle!<br></div><div class="chat chatmessage-hodor"><strong style="color:#6270da"><small>☆</small><span class="username" data-name="HODOR☼_☼">HODOR☼_☼</span>:</strong> <em>this game</em></div><div class="chat chatmessage-hodor"><strong style="color:#6270da"><small>☆</small><span class="username" data-name="HODOR☼_☼">HODOR☼_☼</span>:</strong> <em>gg :)</em></div></div><div class="inner-preempt"></div></div></div>
</div>
<script>
let daily = Math.floor(Date.now()/1000/60/60/24);document.write('<script src="https://play.pokemonshowdown.com/js/replay-embed.js?version'+daily+'"></'+'script>');
</script>
