<!DOCTYPE html>
<meta charset="utf-8" />
<!-- version 1 -->
<title>[Gen 2] OU replay: HODOR vs. Ortheore</title>
<style>
html,body {font-family:Verdana, sans-serif;font-size:10pt;margin:0;padding:0;}body{padding:12px 0;} .battle-log {font-family:Verdana, sans-serif;font-size:10pt;} .battle-log-inline {border:1px solid #AAAAAA;background:#EEF2F5;color:black;max-width:640px;margin:0 auto 80px;padding-bottom:5px;} .battle-log .inner {padding:4px 8px 0px 8px;} .battle-log .inner-preempt {padding:0 8px 4px 8px;} .battle-log .inner-after {margin-top:0.5em;} .battle-log h2 {margin:0.5em -8px;padding:4px 8px;border:1px solid #AAAAAA;background:#E0E7EA;border-left:0;border-right:0;font-family:Verdana, sans-serif;font-size:13pt;} .battle-log .chat {vertical-align:middle;padding:3px 0 3px 0;font-size:8pt;} .battle-log .chat strong {color:#40576A;} .battle-log .chat em {padding:1px 4px 1px 3px;color:#000000;font-style:normal;} .chat.mine {background:rgba(0,0,0,0.05);margin-left:-8px;margin-right:-8px;padding-left:8px;padding-right:8px;} .spoiler {color:#BBBBBB;background:#BBBBBB;padding:0px 3px;} .spoiler:hover, .spoiler:active, .spoiler-shown {color:#000000;background:#E2E2E2;padding:0px 3px;} .spoiler a {color:#BBBBBB;} .spoiler:hover a, .spoiler:active a, .spoiler-shown a {color:#2288CC;} .chat code, .chat .spoiler:hover code, .chat .spoiler:active code, .chat .spoiler-shown code {border:1px solid #C0C0C0;background:#EEEEEE;color:black;padding:0 2px;} .chat .spoiler code {border:1px solid #CCCCCC;background:#CCCCCC;color:#CCCCCC;} .battle-log .rated {padding:3px 4px;} .battle-log .rated strong {color:white;background:#89A;padding:1px 4px;border-radius:4px;} .spacer {margin-top:0.5em;} .message-announce {background:#6688AA;color:white;padding:1px 4px 2px;} .message-announce a, .broadcast-green a, .broadcast-blue a, .broadcast-red a {color:#DDEEFF;} .broadcast-green {background-color:#559955;color:white;padding:2px 4px;} .broadcast-blue {background-color:#6688AA;color:white;padding:2px 4px;} .infobox {border:1px solid #6688AA;padding:2px 4px;} .infobox-limited {max-height:200px;overflow:auto;overflow-x:hidden;} .broadcast-red {background-color:#AA5544;color:white;padding:2px 4px;} .message-learn-canlearn {font-weight:bold;color:#228822;text-decoration:underline;} .message-learn-cannotlearn {font-weight:bold;color:#CC2222;text-decoration:underline;} .message-effect-weak {font-weight:bold;color:#CC2222;} .message-effect-resist {font-weight:bold;color:#6688AA;} .message-effect-immune {font-weight:bold;color:#666666;} .message-learn-list {margin-top:0;margin-bottom:0;} .message-throttle-notice, .message-error {color:#992222;} .message-overflow, .chat small.message-overflow {font-size:0pt;} .message-overflow::before {font-size:9pt;content:'...';} .subtle {color:#3A4A66;}
</style>
<div class="wrapper replay-wrapper" style="max-width:1180px;margin:0 auto">
<input type="hidden" name="replayid" value="smogtours-gen2ou-168724" />
<div class="battle"></div><div class="battle-log"></div><div class="replay-controls"></div><div class="replay-controls-2"></div>
<h1 style="font-weight:normal;text-align:center"><strong>[Gen 2] OU</strong><br /><a href="http://pokemonshowdown.com/users/hodor" class="subtle" target="_blank">HODOR</a> vs. <a href="http://pokemonshowdown.com/users/ortheore" class="subtle" target="_blank">Ortheore</a></h1>
<script type="text/plain" class="battle-log-data">|J|HODOR
|J|Ortheore
|player|p1|HODOR|10
|player|p2|Ortheore|102
|gametype|singles
|gen|2
|tier|[Gen 2] OU
|seed|
|rule|Sleep Clause Mod: Limit one foe put to sleep
|rule|Species Clause: Limit one of each Pokémon
|rule|OHKO Clause: OHKO moves are banned
|rule|Evasion Moves Clause: Evasion moves are banned
|rule|HP Percentage Mod: HP is shown in percentages
|
|start
|switch|p1a: Zapdos|Zapdos|100\/100
|switch|p2a: Zapdos|Zapdos|100\/100
|turn|1
|J|bro fist
|J|Zamrock
|J|King Tsunami
|J|choollio
|J|Boosted Egrill
|J|babidi1998
|J|KratosMana
|J|Brian12345
|choice||
|
|move|p2a: Zapdos|Thunder|p1a: Zapdos
|-damage|p1a: Zapdos|52\/100
|-status|p1a: Zapdos|par
|move|p1a: Zapdos|Thunder|p2a: Zapdos
|-damage|p2a: Zapdos|54\/100
|
|-heal|p2a: Zapdos|60\/100|[from] item: Leftovers
|-heal|p1a: Zapdos|58\/100 par|[from] item: Leftovers
|turn|2
|J|animenagai
|J|TDK
|c|+TDK|**HODOR**
|J|boudouche~
|J|TSR
|J|demitasse espresso
|c|+bro fist|HODOR
|J|CrashinBoomBang ((
|J|Ojama
|J|trc
|J|FLCL
|J|kokoloko
|c|+Zamrock|HODOR
|J|Mizuhime
|J|BKC
|J|sugarhigh
|J|Dong Cheadle
|choice||
|
|switch|p2a: Steelix|Steelix, M|100\/100
|move|p1a: Zapdos|Rest|p1a: Zapdos
|-status|p1: Zapdos|slp
|-heal|p1a: Zapdos|100\/100 slp|[silent]
|-status|p1a: Zapdos|slp|[from] move: Rest
|
|turn|3
|J|Wosty
|c|+sugarhigh|cute ortheore win.
|c|+boudouche~|wcop
|c|+boudouche~|?
|J|Zephir ✈
|c|+babidi1998|ye
|J|THE PDC SHOW
|choice||
|
|switch|p2a: Zapdos|Zapdos|60\/100
|cant|p1: Zapdos|slp
|move|p1a: Zapdos|Sleep Talk|p1a: Zapdos
|move|p1a: Zapdos|Thunder|p2a: Zapdos|[from]Sleep Talk
|-damage|p2a: Zapdos|9\/100
|
|-heal|p2a: Zapdos|15\/100|[from] item: Leftovers
|turn|4
|c|+babidi1998|me and luigi right after
|choice||
|
|cant|p1: Zapdos|slp
|move|p1a: Zapdos|Sleep Talk|p1a: Zapdos
|move|p1a: Zapdos|Rest|p1a: Zapdos|[from]Sleep Talk
|-fail|p1a: Zapdos
|move|p2a: Zapdos|Rest|p2a: Zapdos
|-status|p2: Zapdos|slp
|-heal|p2a: Zapdos|100\/100 slp|[silent]
|-status|p2a: Zapdos|slp|[from] move: Rest
|
|turn|5
|J|Funk☾asaurus
|choice||
|
|switch|p2a: Steelix|Steelix, M|100\/100
|-curestatus|p1a: Zapdos|slp
|move|p1a: Zapdos|Thunder|p2a: Steelix
|-immune|p2a: Steelix|[msg]
|
|turn|6
|J|Vileman
|J|tamahome
|choice||
|
|move|p1a: Zapdos|Hidden Power|p2a: Steelix
|-damage|p2a: Steelix|77\/100
|move|p2a: Steelix|Roar|p1a: Zapdos
|drag|p1a: Skarmory|Skarmory, M|100\/100
|
|-heal|p2a: Steelix|83\/100|[from] item: Leftovers
|turn|7
|J|reiku
|raw|<div class="broadcast-red"><b>Moderated chat was set to @!<\/b><br \/>Only users of rank @ and higher can talk.<\/div>
|J|HSA
|choice||
|
|switch|p1a: Snorlax|Snorlax, M|100\/100
|switch|p2a: Zapdos|Zapdos|100\/100 slp
|
|turn|8
|choice||
|
|switch|p2a: Steelix|Steelix, M|83\/100
|move|p1a: Snorlax|Double-Edge|p2a: Steelix
|-resisted|p2a: Steelix
|-damage|p2a: Steelix|71\/100
|-damage|p1a: Snorlax|99\/100|[from] recoil|[of] p2a: Steelix
|
|-heal|p2a: Steelix|78\/100|[from] item: Leftovers
|-heal|p1a: Snorlax|100\/100|[from] item: Leftovers
|turn|9
|J|R uM o R~
|J|Doubloon
|J|Luigi
|choice||
|
|switch|p2a: Machamp|Machamp, M|100\/100
|move|p1a: Snorlax|Fire Blast|p2a: Machamp
|-damage|p2a: Machamp|80\/100
|
|-heal|p2a: Machamp|86\/100|[from] item: Leftovers
|turn|10
|J|EvaUnit10
|choice||
|
|switch|p1a: Skarmory|Skarmory, M|100\/100
|move|p2a: Machamp|Hidden Power|p1a: Skarmory
|-resisted|p1a: Skarmory
|-damage|p1a: Skarmory|96\/100
|
|-heal|p1a: Skarmory|100\/100|[from] item: Leftovers
|-heal|p2a: Machamp|92\/100|[from] item: Leftovers
|turn|11
|choice||
|
|switch|p2a: Zapdos|Zapdos|100\/100 slp
|move|p1a: Skarmory|Whirlwind|p2a: Zapdos
|drag|p2a: Cloyster|Cloyster, M|100\/100
|
|turn|12
|choice||
|
|switch|p1a: Cloyster|Cloyster, M|100\/100
|move|p2a: Cloyster|Spikes|p1a: Cloyster
|-sidestart|p1: HODOR|Spikes
|
|turn|13
|J|Starstruk
|J|Icey ✔ Tea ✔
|choice||
|
|move|p1a: Cloyster|Spikes|p2a: Cloyster
|-sidestart|p2: Ortheore|Spikes
|move|p2a: Cloyster|Toxic|p1a: Cloyster
|-status|p1a: Cloyster|tox
|
|turn|14
|J|Peasounay
|J|rozes
|choice||
|
|switch|p1a: Zapdos|Zapdos|100\/100
|switch|p2a: Zapdos|Zapdos|100\/100 slp
|
|turn|15
|J|Fireburn
|choice||
|
|switch|p2a: Steelix|Steelix, M|78\/100
|-damage|p2a: Steelix|65\/100|[from] Spikes
|move|p1a: Zapdos|Hidden Power|p2a: Steelix
|-damage|p2a: Steelix|42\/100
|
|-heal|p2a: Steelix|48\/100|[from] item: Leftovers
|turn|16
|J|maril.li
|choice||
|
|switch|p1a: Skarmory|Skarmory, M|100\/100
|move|p2a: Steelix|Roar|p1a: Skarmory
|drag|p1a: Cloyster|Cloyster, M|100\/100 tox
|-status|p1a: Cloyster|psn
|-damage|p1a: Cloyster|88\/100 psn|[from] Spikes
|
|-heal|p1a: Cloyster|94\/100 psn|[from] item: Leftovers
|-heal|p2a: Steelix|55\/100|[from] item: Leftovers
|turn|17
|J|Nails
|choice||
|
|switch|p1a: Snorlax|Snorlax, M|100\/100
|-damage|p1a: Snorlax|88\/100|[from] Spikes
|switch|p2a: Zapdos|Zapdos|100\/100 slp
|
|-heal|p1a: Snorlax|94\/100|[from] item: Leftovers
|turn|18
|J|rubber storm
|J|Muffson
|choice||
|
|switch|p2a: Machamp|Machamp, M|92\/100
|-damage|p2a: Machamp|79\/100|[from] Spikes
|move|p1a: Snorlax|Double-Edge|p2a: Machamp
|-crit|p2a: Machamp
|-damage|p2a: Machamp|0 fnt
|faint|p2a: Machamp
|-damage|p1a: Snorlax|80\/100|[from] recoil|[of] p2: Machamp
|L|Muffson
|choice||
|
|switch|p2a: Snorlax|Snorlax, M|100\/100
|-damage|p2a: Snorlax|88\/100|[from] Spikes
|
|-heal|p2a: Snorlax|94\/100|[from] item: Leftovers
|-heal|p1a: Snorlax|86\/100|[from] item: Leftovers
|turn|19
|choice||
|
|move|p1a: Snorlax|Double-Edge|p2a: Snorlax
|-damage|p2a: Snorlax|57\/100
|-damage|p1a: Snorlax|77\/100|[from] recoil|[of] p2a: Snorlax
|move|p2a: Snorlax|Curse|p2a: Snorlax
|-unboost|p2a: Snorlax|spe|1
|-boost|p2a: Snorlax|atk|1
|-boost|p2a: Snorlax|def|1
|
|-heal|p1a: Snorlax|83\/100|[from] item: Leftovers
|-heal|p2a: Snorlax|63\/100|[from] item: Leftovers
|turn|20
|choice||
|
|switch|p1a: Skarmory|Skarmory, M|100\/100
|move|p2a: Snorlax|Body Slam|p1a: Skarmory
|-resisted|p1a: Skarmory
|-damage|p1a: Skarmory|81\/100
|-status|p1a: Skarmory|par
|
|-heal|p2a: Snorlax|69\/100|[from] item: Leftovers
|-heal|p1a: Skarmory|87\/100 par|[from] item: Leftovers
|turn|21
|choice||
|
|move|p2a: Snorlax|Body Slam|p1a: Skarmory
|-resisted|p1a: Skarmory
|-damage|p1a: Skarmory|67\/100 par
|move|p1a: Skarmory|Whirlwind|p2a: Snorlax
|drag|p2a: Vaporeon|Vaporeon, M|100\/100
|-damage|p2a: Vaporeon|88\/100|[from] Spikes
|
|-heal|p2a: Vaporeon|94\/100|[from] item: Leftovers
|-heal|p1a: Skarmory|73\/100 par|[from] item: Leftovers
|turn|22
|choice||
|
|switch|p2a: Steelix|Steelix, M|55\/100
|-damage|p2a: Steelix|42\/100|[from] Spikes
|switch|p1a: Zapdos|Zapdos|100\/100
|
|-heal|p2a: Steelix|48\/100|[from] item: Leftovers
|turn|23
|choice||
|
|move|p1a: Zapdos|Hidden Power|p2a: Steelix
|-damage|p2a: Steelix|24\/100
|move|p2a: Steelix|Curse|p2a: Steelix
|-unboost|p2a: Steelix|spe|1
|-boost|p2a: Steelix|atk|1
|-boost|p2a: Steelix|def|1
|
|-heal|p2a: Steelix|30\/100|[from] item: Leftovers
|turn|24
|choice||
|
|switch|p1a: Gengar|Gengar, M|100\/100
|-damage|p1a: Gengar|88\/100|[from] Spikes
|move|p2a: Steelix|Explosion|p1a: Gengar
|-immune|p1a: Gengar|[msg]
|faint|p2a: Steelix
|choice||
|
|switch|p2a: Snorlax|Snorlax, M|69\/100
|-damage|p2a: Snorlax|57\/100|[from] Spikes
|
|-heal|p1a: Gengar|94\/100|[from] item: Leftovers
|-heal|p2a: Snorlax|63\/100|[from] item: Leftovers
|turn|25
|J|teal6
|choice||
|
|move|p1a: Gengar|Hypnosis|p2a: Snorlax
|-status|p2: Snorlax|slp
|cant|p2: Snorlax|slp
|
|-heal|p1a: Gengar|100\/100|[from] item: Leftovers
|-heal|p2a: Snorlax|69\/100 slp|[from] item: Leftovers
|turn|26
|J|Chanel Vestiaire
|J|Chanel Vestiaire
|choice||
|
|move|p1a: Gengar|Explosion|p2a: Snorlax
|-damage|p2a: Snorlax|0 fnt
|faint|p2a: Snorlax
|faint|p1a: Gengar
|choice||
|
|switch|p1a: Zapdos|Zapdos|100\/100
|switch|p2a: Zapdos|Zapdos|100\/100 slp
|
|turn|27
|choice||
|
|cant|p2: Zapdos|slp
|move|p1a: Zapdos|Thunder|p2a: Zapdos
|-damage|p2a: Zapdos|54\/100 slp
|
|-heal|p2a: Zapdos|60\/100 slp|[from] item: Leftovers
|turn|28
|choice||
|
|cant|p2: Zapdos|slp
|move|p1a: Zapdos|Hidden Power|p2a: Zapdos
|-supereffective|p2a: Zapdos
|-damage|p2a: Zapdos|26\/100 slp
|
|-heal|p2a: Zapdos|32\/100 slp|[from] item: Leftovers
|turn|29
|J|not oak
|J|Texas Cloverleaf
|choice||
|
|-curestatus|p2a: Zapdos|slp
|move|p2a: Zapdos|Rest|p2a: Zapdos
|-status|p2: Zapdos|slp
|-heal|p2a: Zapdos|100\/100 slp|[silent]
|-status|p2a: Zapdos|slp|[from] move: Rest
|move|p1a: Zapdos|Hidden Power|p2a: Zapdos
|-supereffective|p2a: Zapdos
|-damage|p2a: Zapdos|66\/100 slp
|
|-heal|p2a: Zapdos|72\/100 slp|[from] item: Leftovers
|turn|30
|choice||
|
|cant|p2: Zapdos|slp
|move|p1a: Zapdos|Thunder|p2a: Zapdos
|-damage|p2a: Zapdos|23\/100 slp
|
|-heal|p2a: Zapdos|29\/100 slp|[from] item: Leftovers
|turn|31
|choice||
|
|move|p1a: Zapdos|Hidden Power|p2a: Zapdos
|-supereffective|p2a: Zapdos
|-damage|p2a: Zapdos|0 fnt
|faint|p2a: Zapdos
|J|Pohjis
|choice||
|
|switch|p2a: Cloyster|Cloyster, M|100\/100
|-damage|p2a: Cloyster|88\/100|[from] Spikes
|
|-heal|p2a: Cloyster|94\/100|[from] item: Leftovers
|turn|32
|J|stryxx
|choice||
|
|switch|p1a: Cloyster|Cloyster, M|94\/100 psn
|-damage|p1a: Cloyster|82\/100 psn|[from] Spikes
|-damage|p1a: Cloyster|70\/100 psn|[from] psn
|move|p2a: Cloyster|Explosion|p1a: Cloyster
|-damage|p1a: Cloyster|0 fnt
|faint|p1a: Cloyster
|faint|p2a: Cloyster
|J|Foggi キング
|choice||
|
|switch|p1a: Zapdos|Zapdos|100\/100
|switch|p2a: Vaporeon|Vaporeon, M|94\/100
|-damage|p2a: Vaporeon|82\/100|[from] Spikes
|
|-heal|p2a: Vaporeon|88\/100|[from] item: Leftovers
|turn|33
|choice||
|
|move|p1a: Zapdos|Thunder|p2a: Vaporeon
|-supereffective|p2a: Vaporeon
|-damage|p2a: Vaporeon|14\/100
|move|p2a: Vaporeon|Hydro Pump|p1a: Zapdos|[miss]
|-miss|p2a: Vaporeon|p1a: Zapdos
|
|-heal|p2a: Vaporeon|20\/100|[from] item: Leftovers
|turn|34
|J|Ren-chon
|choice||
|
|move|p1a: Zapdos|Thunder|p2a: Vaporeon
|-supereffective|p2a: Vaporeon
|-damage|p2a: Vaporeon|0 fnt
|faint|p2a: Vaporeon
|
|win|HODOR
|player|p1
|player|p2
|L|Texas Cloverleaf
|L|Vileman
|L|reiku
|L|trc
|c|★Ortheore|gg
|L|sugarhigh
|L|THE PDC SHOW
|c|★HODOR|gg
|L|Ortheore
|L|Peasounay
|L|boudouche~
|L|Mizuhime
|L|HODOR
|L|stryxx
|L|tamahome
|J|SweetPosho
|L|Icey ✔ Tea ✔
|L|King Tsunami
|L|TDK
|L|BKC
|L|Zamrock
|L|choollio
|L|teal6
|L|not oak
|L|SweetPosho
|L|HSA
|L|Starstruk
|L|EvaUnit10
|J|choollio
|J|syncrasy
|L|Luigi
|L|Zephir ✈</script>
</div>
<div class="battle-log battle-log-inline"><div class="inner"><div class="battle-options"></div><div class="inner"><div class=""><small>Format:</small> <br><strong>[Gen 2] OU</strong></div><div class=""><small><em>Sleep Clause Mod:</em> Limit one foe put to sleep</small></div><div class=""><small><em>Species Clause:</em> Limit one of each Pokémon</small></div><div class=""><small><em>OHKO Clause:</em> OHKO moves are banned</small></div><div class=""><small><em>Evasion Moves Clause:</em> Evasion moves are banned</small></div><div class=""><small><em>HP Percentage Mod:</em> HP is shown in percentages</small></div><div class="spacer battle-history"><br></div><div class="battle-history">Battle started between HODOR and Ortheore!<br></div><div class="spacer battle-history"><br></div><div class="battle-history">Go! <strong>Zapdos</strong>!<br></div><div class="spacer battle-history"><br></div><div class="battle-history">Ortheore sent out <strong>Zapdos</strong>!<br></div><div class="spacer battle-history"><br></div><h2 class="battle-history">Turn 1</h2><div class="spacer battle-history"><br></div><div class="battle-history">The opposing Zapdos used <strong>Thunder</strong>!<br></div><div class="battle-history"><small>(Zapdos lost 48% of its health!)</small><br></div><div class="battle-history"><small>Zapdos is paralyzed! It may be unable to move!</small><br></div><div class="spacer battle-history"><br></div><div class="battle-history">Zapdos used <strong>Thunder</strong>!<br></div><div class="battle-history"><small>(The opposing Zapdos lost 46% of its health!)</small><br></div><div class="spacer battle-history"><br></div><div class="battle-history"><small>The opposing Zapdos restored a little HP using its Leftovers!</small><br></div><div class="battle-history"><small>Zapdos restored a little HP using its Leftovers!</small><br></div><div class="spacer battle-history"><br></div><h2 class="battle-history">Turn 2</h2><div class="chat chatmessage-tdk"><strong style="color:#1a9fd3"><small>+</small><span class="username" data-name="TDK">TDK</span>:</strong> <em><b>HODOR</b></em></div><div class="chat chatmessage-brofist"><strong style="color:#41a49a"><small>+</small><span class="username" data-name="bro fist">bro fist</span>:</strong> <em>HODOR</em></div><div class="chat chatmessage-zamrock"><strong style="color:#a32bdf"><small>+</small><span class="username" data-name="Zamrock">Zamrock</span>:</strong> <em>HODOR</em></div><div class="spacer battle-history"><br></div><div class="battle-history">Ortheore withdrew Zapdos!<br></div><div class="battle-history">Ortheore sent out <strong>Steelix</strong>!<br></div><div class="spacer battle-history"><br></div><div class="battle-history">Zapdos used <strong>Rest</strong>!<br></div><div class="battle-history"><small>Zapdos fell asleep!</small><br></div><div class="battle-history"><small>Zapdos slept and became healthy!</small><br></div><div class="spacer battle-history"><br></div><h2 class="battle-history">Turn 3</h2><div class="chat chatmessage-sugarhigh"><strong style="color:#c03097"><small>+</small><span class="username" data-name="sugarhigh">sugarhigh</span>:</strong> <em>cute ortheore win.</em></div><div class="chat chatmessage-boudouche"><strong style="color:#9f20d9"><small>+</small><span class="username" data-name="boudouche~">boudouche~</span>:</strong> <em>wcop</em></div><div class="chat chatmessage-boudouche"><strong style="color:#9f20d9"><small>+</small><span class="username" data-name="boudouche~">boudouche~</span>:</strong> <em>?</em></div><div class="chat chatmessage-babidi1998"><strong style="color:#15a24d"><small>+</small><span class="username" data-name="babidi1998">babidi1998</span>:</strong> <em>ye</em></div><div class="spacer battle-history"><br></div><div class="battle-history">Ortheore withdrew Steelix!<br></div><div class="battle-history">Ortheore sent out <strong>Zapdos</strong>!<br></div><div class="spacer battle-history"><br></div><div class="battle-history">Zapdos is fast asleep.<br></div><div class="spacer battle-history"><br></div><div class="battle-history">Zapdos used <strong>Sleep Talk</strong>!<br></div><div class="spacer battle-history"><br></div><div class="battle-history">Zapdos used <strong>Thunder</strong>!<br></div><div class="battle-history"><small>(The opposing Zapdos lost 51% of its health!)</small><br></div><div class="spacer battle-history"><br></div><div class="battle-history"><small>The opposing Zapdos restored a little HP using its Leftovers!</small><br></div><div class="spacer battle-history"><br></div><h2 class="battle-history">Turn 4</h2><div class="chat chatmessage-babidi1998"><strong style="color:#15a24d"><small>+</small><span class="username" data-name="babidi1998">babidi1998</span>:</strong> <em>me and luigi right after</em></div><div class="spacer battle-history"><br></div><div class="battle-history">Zapdos is fast asleep.<br></div><div class="spacer battle-history"><br></div><div class="battle-history">Zapdos used <strong>Sleep Talk</strong>!<br></div><div class="spacer battle-history"><br></div><div class="battle-history">Zapdos used <strong>Rest</strong>!<br></div><div class="battle-history"><small>But it failed!</small><br></div><div class="spacer battle-history"><br></div><div class="battle-history">The opposing Zapdos used <strong>Rest</strong>!<br></div><div class="battle-history"><small>The opposing Zapdos fell asleep!</small><br></div><div class="battle-history"><small>The opposing Zapdos slept and became healthy!</small><br></div><div class="spacer battle-history"><br></div><h2 class="battle-history">Turn 5</h2><div class="spacer battle-history"><br></div><div class="battle-history">Ortheore withdrew Zapdos!<br></div><div class="battle-history">Ortheore sent out <strong>Steelix</strong>!<br></div><div class="battle-history"><small>Zapdos woke up!</small><br></div><div class="spacer battle-history"><br></div><div class="battle-history">Zapdos used <strong>Thunder</strong>!<br></div><div class="battle-history"><small>It doesn't affect the opposing Steelix...</small><br></div><div class="spacer battle-history"><br></div><h2 class="battle-history">Turn 6</h2><div class="spacer battle-history"><br></div><div class="battle-history">Zapdos used <strong>Hidden Power</strong>!<br></div><div class="battle-history"><small>(The opposing Steelix lost 23% of its health!)</small><br></div><div class="spacer battle-history"><br></div><div class="battle-history">The opposing Steelix used <strong>Roar</strong>!<br></div><div class="spacer battle-history"><br></div><div class="battle-history"><strong>Skarmory</strong> was dragged out!<br></div><div class="spacer battle-history"><br></div><div class="battle-history"><small>The opposing Steelix restored a little HP using its Leftovers!</small><br></div><div class="spacer battle-history"><br></div><h2 class="battle-history">Turn 7</h2><div class="chat"><div class="broadcast-red"><b>Moderated chat was set to @!</b><br>Only users of rank @ and higher can talk.</div></div><div class="spacer battle-history"><br></div><div class="battle-history">Skarmory, come back!<br></div><div class="battle-history">Go! <strong>Snorlax</strong>!<br></div><div class="spacer battle-history"><br></div><div class="battle-history">Ortheore withdrew Steelix!<br></div><div class="battle-history">Ortheore sent out <strong>Zapdos</strong>!<br></div><div class="spacer battle-history"><br></div><h2 class="battle-history">Turn 8</h2><div class="spacer battle-history"><br></div><div class="battle-history">Ortheore withdrew Zapdos!<br></div><div class="battle-history">Ortheore sent out <strong>Steelix</strong>!<br></div><div class="spacer battle-history"><br></div><div class="battle-history">Snorlax used <strong>Double-Edge</strong>!<br></div><div class="battle-history"><small>It's not very effective...</small><br></div><div class="battle-history"><small>(The opposing Steelix lost 12% of its health!)</small><br></div><div class="battle-history"><small>Snorlax was damaged by the recoil!</small><br></div><div class="spacer battle-history"><br></div><div class="battle-history"><small>The opposing Steelix restored a little HP using its Leftovers!</small><br></div><div class="battle-history"><small>Snorlax restored a little HP using its Leftovers!</small><br></div><div class="spacer battle-history"><br></div><h2 class="battle-history">Turn 9</h2><div class="spacer battle-history"><br></div><div class="battle-history">Ortheore withdrew Steelix!<br></div><div class="battle-history">Ortheore sent out <strong>Machamp</strong>!<br></div><div class="spacer battle-history"><br></div><div class="battle-history">Snorlax used <strong>Fire Blast</strong>!<br></div><div class="battle-history"><small>(The opposing Machamp lost 20% of its health!)</small><br></div><div class="spacer battle-history"><br></div><div class="battle-history"><small>The opposing Machamp restored a little HP using its Leftovers!</small><br></div><div class="spacer battle-history"><br></div><h2 class="battle-history">Turn 10</h2><div class="spacer battle-history"><br></div><div class="battle-history">Snorlax, come back!<br></div><div class="battle-history">Go! <strong>Skarmory</strong>!<br></div><div class="spacer battle-history"><br></div><div class="battle-history">The opposing Machamp used <strong>Hidden Power</strong>!<br></div><div class="battle-history"><small>It's not very effective...</small><br></div><div class="battle-history"><small>(Skarmory lost 4% of its health!)</small><br></div><div class="spacer battle-history"><br></div><div class="battle-history"><small>Skarmory restored a little HP using its Leftovers!</small><br></div><div class="battle-history"><small>The opposing Machamp restored a little HP using its Leftovers!</small><br></div><div class="spacer battle-history"><br></div><h2 class="battle-history">Turn 11</h2><div class="spacer battle-history"><br></div><div class="battle-history">Ortheore withdrew Machamp!<br></div><div class="battle-history">Ortheore sent out <strong>Zapdos</strong>!<br></div><div class="spacer battle-history"><br></div><div class="battle-history">Skarmory used <strong>Whirlwind</strong>!<br></div><div class="spacer battle-history"><br></div><div class="battle-history"><strong>Cloyster</strong> was dragged out!<br></div><div class="spacer battle-history"><br></div><h2 class="battle-history">Turn 12</h2><div class="spacer battle-history"><br></div><div class="battle-history">Skarmory, come back!<br></div><div class="battle-history">Go! <strong>Cloyster</strong>!<br></div><div class="spacer battle-history"><br></div><div class="battle-history">The opposing Cloyster used <strong>Spikes</strong>!<br></div><div class="battle-history"><small>Spikes were scattered on the ground all around your team!</small><br></div><div class="spacer battle-history"><br></div><h2 class="battle-history">Turn 13</h2><div class="spacer battle-history"><br></div><div class="battle-history">Cloyster used <strong>Spikes</strong>!<br></div><div class="battle-history"><small>Spikes were scattered on the ground all around the opposing team!</small><br></div><div class="spacer battle-history"><br></div><div class="battle-history">The opposing Cloyster used <strong>Toxic</strong>!<br></div><div class="battle-history"><small>Cloyster was badly poisoned!</small><br></div><div class="spacer battle-history"><br></div><h2 class="battle-history">Turn 14</h2><div class="spacer battle-history"><br></div><div class="battle-history">Cloyster, come back!<br></div><div class="battle-history">Go! <strong>Zapdos</strong>!<br></div><div class="spacer battle-history"><br></div><div class="battle-history">Ortheore withdrew Cloyster!<br></div><div class="battle-history">Ortheore sent out <strong>Zapdos</strong>!<br></div><div class="spacer battle-history"><br></div><h2 class="battle-history">Turn 15</h2><div class="spacer battle-history"><br></div><div class="battle-history">Ortheore withdrew Zapdos!<br></div><div class="battle-history">Ortheore sent out <strong>Steelix</strong>!<br></div><div class="battle-history"><small>The opposing Steelix was hurt by the spikes!</small><br></div><div class="spacer battle-history"><br></div><div class="battle-history">Zapdos used <strong>Hidden Power</strong>!<br></div><div class="battle-history"><small>(The opposing Steelix lost 23% of its health!)</small><br></div><div class="spacer battle-history"><br></div><div class="battle-history"><small>The opposing Steelix restored a little HP using its Leftovers!</small><br></div><div class="spacer battle-history"><br></div><h2 class="battle-history">Turn 16</h2><div class="spacer battle-history"><br></div><div class="battle-history">Zapdos, come back!<br></div><div class="battle-history">Go! <strong>Skarmory</strong>!<br></div><div class="spacer battle-history"><br></div><div class="battle-history">The opposing Steelix used <strong>Roar</strong>!<br></div><div class="spacer battle-history"><br></div><div class="battle-history"><strong>Cloyster</strong> was dragged out!<br></div><div class="battle-history"><small>Cloyster was poisoned!</small><br></div><div class="battle-history"><small>Cloyster was hurt by the spikes!</small><br></div><div class="spacer battle-history"><br></div><div class="battle-history"><small>Cloyster restored a little HP using its Leftovers!</small><br></div><div class="battle-history"><small>The opposing Steelix restored a little HP using its Leftovers!</small><br></div><div class="spacer battle-history"><br></div><h2 class="battle-history">Turn 17</h2><div class="spacer battle-history"><br></div><div class="battle-history">Cloyster, come back!<br></div><div class="battle-history">Go! <strong>Snorlax</strong>!<br></div><div class="battle-history"><small>Snorlax was hurt by the spikes!</small><br></div><div class="spacer battle-history"><br></div><div class="battle-history">Ortheore withdrew Steelix!<br></div><div class="battle-history">Ortheore sent out <strong>Zapdos</strong>!<br></div><div class="spacer battle-history"><br></div><div class="battle-history"><small>Snorlax restored a little HP using its Leftovers!</small><br></div><div class="spacer battle-history"><br></div><h2 class="battle-history">Turn 18</h2><div class="spacer battle-history"><br></div><div class="battle-history">Ortheore withdrew Zapdos!<br></div><div class="battle-history">Ortheore sent out <strong>Machamp</strong>!<br></div><div class="battle-history"><small>The opposing Machamp was hurt by the spikes!</small><br></div><div class="spacer battle-history"><br></div><div class="battle-history">Snorlax used <strong>Double-Edge</strong>!<br></div><div class="battle-history"><small>A critical hit!</small><br></div><div class="battle-history"><small>(The opposing Machamp lost 79% of its health!)</small><br></div><div class="spacer battle-history"><br></div><div class="battle-history">The opposing Machamp fainted!<br></div><div class="battle-history"><small>Snorlax was damaged by the recoil!</small><br></div><div class="spacer battle-history"><br></div><div class="battle-history">Ortheore sent out <strong>Snorlax</strong>!<br></div><div class="battle-history"><small>The opposing Snorlax was hurt by the spikes!</small><br></div><div class="spacer battle-history"><br></div><div class="battle-history"><small>The opposing Snorlax restored a little HP using its Leftovers!</small><br></div><div class="battle-history"><small>Snorlax restored a little HP using its Leftovers!</small><br></div><div class="spacer battle-history"><br></div><h2 class="battle-history">Turn 19</h2><div class="spacer battle-history"><br></div><div class="battle-history">Snorlax used <strong>Double-Edge</strong>!<br></div><div class="battle-history"><small>(The opposing Snorlax lost 37% of its health!)</small><br></div><div class="battle-history"><small>Snorlax was damaged by the recoil!</small><br></div><div class="spacer battle-history"><br></div><div class="battle-history">The opposing Snorlax used <strong>Curse</strong>!<br></div><div class="battle-history"><small>The opposing Snorlax's Speed fell!</small><br></div><div class="battle-history"><small>The opposing Snorlax's Attack rose!</small><br></div><div class="battle-history"><small>The opposing Snorlax's Defense rose!</small><br></div><div class="spacer battle-history"><br></div><div class="battle-history"><small>Snorlax restored a little HP using its Leftovers!</small><br></div><div class="battle-history"><small>The opposing Snorlax restored a little HP using its Leftovers!</small><br></div><div class="spacer battle-history"><br></div><h2 class="battle-history">Turn 20</h2><div class="spacer battle-history"><br></div><div class="battle-history">Snorlax, come back!<br></div><div class="battle-history">Go! <strong>Skarmory</strong>!<br></div><div class="spacer battle-history"><br></div><div class="battle-history">The opposing Snorlax used <strong>Body Slam</strong>!<br></div><div class="battle-history"><small>It's not very effective...</small><br></div><div class="battle-history"><small>(Skarmory lost 19% of its health!)</small><br></div><div class="battle-history"><small>Skarmory is paralyzed! It may be unable to move!</small><br></div><div class="spacer battle-history"><br></div><div class="battle-history"><small>The opposing Snorlax restored a little HP using its Leftovers!</small><br></div><div class="battle-history"><small>Skarmory restored a little HP using its Leftovers!</small><br></div><div class="spacer battle-history"><br></div><h2 class="battle-history">Turn 21</h2><div class="spacer battle-history"><br></div><div class="battle-history">The opposing Snorlax used <strong>Body Slam</strong>!<br></div><div class="battle-history"><small>It's not very effective...</small><br></div><div class="battle-history"><small>(Skarmory lost 20% of its health!)</small><br></div><div class="spacer battle-history"><br></div><div class="battle-history">Skarmory used <strong>Whirlwind</strong>!<br></div><div class="spacer battle-history"><br></div><div class="battle-history"><strong>Vaporeon</strong> was dragged out!<br></div><div class="battle-history"><small>The opposing Vaporeon was hurt by the spikes!</small><br></div><div class="spacer battle-history"><br></div><div class="battle-history"><small>The opposing Vaporeon restored a little HP using its Leftovers!</small><br></div><div class="battle-history"><small>Skarmory restored a little HP using its Leftovers!</small><br></div><div class="spacer battle-history"><br></div><h2 class="battle-history">Turn 22</h2><div class="spacer battle-history"><br></div><div class="battle-history">Ortheore withdrew Vaporeon!<br></div><div class="battle-history">Ortheore sent out <strong>Steelix</strong>!<br></div><div class="battle-history"><small>The opposing Steelix was hurt by the spikes!</small><br></div><div class="spacer battle-history"><br></div><div class="battle-history">Skarmory, come back!<br></div><div class="battle-history">Go! <strong>Zapdos</strong>!<br></div><div class="spacer battle-history"><br></div><div class="battle-history"><small>The opposing Steelix restored a little HP using its Leftovers!</small><br></div><div class="spacer battle-history"><br></div><h2 class="battle-history">Turn 23</h2><div class="spacer battle-history"><br></div><div class="battle-history">Zapdos used <strong>Hidden Power</strong>!<br></div><div class="battle-history"><small>(The opposing Steelix lost 24% of its health!)</small><br></div><div class="spacer battle-history"><br></div><div class="battle-history">The opposing Steelix used <strong>Curse</strong>!<br></div><div class="battle-history"><small>The opposing Steelix's Speed fell!</small><br></div><div class="battle-history"><small>The opposing Steelix's Attack rose!</small><br></div><div class="battle-history"><small>The opposing Steelix's Defense rose!</small><br></div><div class="spacer battle-history"><br></div><div class="battle-history"><small>The opposing Steelix restored a little HP using its Leftovers!</small><br></div><div class="spacer battle-history"><br></div><h2 class="battle-history">Turn 24</h2><div class="spacer battle-history"><br></div><div class="battle-history">Zapdos, come back!<br></div><div class="battle-history">Go! <strong>Gengar</strong>!<br></div><div class="battle-history"><small>Gengar was hurt by the spikes!</small><br></div><div class="spacer battle-history"><br></div><div class="battle-history">The opposing Steelix used <strong>Explosion</strong>!<br></div><div class="battle-history"><small>It doesn't affect Gengar...</small><br></div><div class="spacer battle-history"><br></div><div class="battle-history">The opposing Steelix fainted!<br></div><div class="spacer battle-history"><br></div><div class="battle-history">Ortheore sent out <strong>Snorlax</strong>!<br></div><div class="battle-history"><small>The opposing Snorlax was hurt by the spikes!</small><br></div><div class="spacer battle-history"><br></div><div class="battle-history"><small>Gengar restored a little HP using its Leftovers!</small><br></div><div class="battle-history"><small>The opposing Snorlax restored a little HP using its Leftovers!</small><br></div><div class="spacer battle-history"><br></div><h2 class="battle-history">Turn 25</h2><div class="spacer battle-history"><br></div><div class="battle-history">Gengar used <strong>Hypnosis</strong>!<br></div><div class="battle-history"><small>The opposing Snorlax fell asleep!</small><br></div><div class="spacer battle-history"><br></div><div class="battle-history">The opposing Snorlax is fast asleep.<br></div><div class="spacer battle-history"><br></div><div class="battle-history"><small>Gengar restored a little HP using its Leftovers!</small><br></div><div class="battle-history"><small>The opposing Snorlax restored a little HP using its Leftovers!</small><br></div><div class="spacer battle-history"><br></div><h2 class="battle-history">Turn 26</h2><div class="spacer battle-history"><br></div><div class="battle-history">Gengar used <strong>Explosion</strong>!<br></div><div class="battle-history"><small>(The opposing Snorlax lost 69% of its health!)</small><br></div><div class="spacer battle-history"><br></div><div class="battle-history">The opposing Snorlax fainted!<br></div><div class="battle-history">Gengar fainted!<br></div><div class="spacer battle-history"><br></div><div class="battle-history">Go! <strong>Zapdos</strong>!<br></div><div class="spacer battle-history"><br></div><div class="battle-history">Ortheore sent out <strong>Zapdos</strong>!<br></div><div class="spacer battle-history"><br></div><h2 class="battle-history">Turn 27</h2><div class="spacer battle-history"><br></div><div class="battle-history">The opposing Zapdos is fast asleep.<br></div><div class="spacer battle-history"><br></div><div class="battle-history">Zapdos used <strong>Thunder</strong>!<br></div><div class="battle-history"><small>(The opposing Zapdos lost 46% of its health!)</small><br></div><div class="spacer battle-history"><br></div><div class="battle-history"><small>The opposing Zapdos restored a little HP using its Leftovers!</small><br></div><div class="spacer battle-history"><br></div><h2 class="battle-history">Turn 28</h2><div class="spacer battle-history"><br></div><div class="battle-history">The opposing Zapdos is fast asleep.<br></div><div class="spacer battle-history"><br></div><div class="battle-history">Zapdos used <strong>Hidden Power</strong>!<br></div><div class="battle-history"><small>It's super effective!</small><br></div><div class="battle-history"><small>(The opposing Zapdos lost 34% of its health!)</small><br></div><div class="spacer battle-history"><br></div><div class="battle-history"><small>The opposing Zapdos restored a little HP using its Leftovers!</small><br></div><div class="spacer battle-history"><br></div><h2 class="battle-history">Turn 29</h2><div class="spacer battle-history"><br></div><div class="battle-history"><small>The opposing Zapdos woke up!</small><br></div><div class="spacer battle-history"><br></div><div class="battle-history">The opposing Zapdos used <strong>Rest</strong>!<br></div><div class="battle-history"><small>The opposing Zapdos fell asleep!</small><br></div><div class="battle-history"><small>The opposing Zapdos slept and became healthy!</small><br></div><div class="spacer battle-history"><br></div><div class="battle-history">Zapdos used <strong>Hidden Power</strong>!<br></div><div class="battle-history"><small>It's super effective!</small><br></div><div class="battle-history"><small>(The opposing Zapdos lost 34% of its health!)</small><br></div><div class="spacer battle-history"><br></div><div class="battle-history"><small>The opposing Zapdos restored a little HP using its Leftovers!</small><br></div><div class="spacer battle-history"><br></div><h2 class="battle-history">Turn 30</h2><div class="spacer battle-history"><br></div><div class="battle-history">The opposing Zapdos is fast asleep.<br></div><div class="spacer battle-history"><br></div><div class="battle-history">Zapdos used <strong>Thunder</strong>!<br></div><div class="battle-history"><small>(The opposing Zapdos lost 49% of its health!)</small><br></div><div class="spacer battle-history"><br></div><div class="battle-history"><small>The opposing Zapdos restored a little HP using its Leftovers!</small><br></div><div class="spacer battle-history"><br></div><h2 class="battle-history">Turn 31</h2><div class="spacer battle-history"><br></div><div class="battle-history">Zapdos used <strong>Hidden Power</strong>!<br></div><div class="battle-history"><small>It's super effective!</small><br></div><div class="battle-history"><small>(The opposing Zapdos lost 29% of its health!)</small><br></div><div class="spacer battle-history"><br></div><div class="battle-history">The opposing Zapdos fainted!<br></div><div class="spacer battle-history"><br></div><div class="battle-history">Ortheore sent out <strong>Cloyster</strong>!<br></div><div class="battle-history"><small>The opposing Cloyster was hurt by the spikes!</small><br></div><div class="spacer battle-history"><br></div><div class="battle-history"><small>The opposing Cloyster restored a little HP using its Leftovers!</small><br></div><div class="spacer battle-history"><br></div><h2 class="battle-history">Turn 32</h2><div class="spacer battle-history"><br></div><div class="battle-history">Zapdos, come back!<br></div><div class="battle-history">Go! <strong>Cloyster</strong>!<br></div><div class="battle-history"><small>Cloyster was hurt by the spikes!</small><br></div><div class="battle-history"><small>Cloyster was hurt by poison!</small><br></div><div class="spacer battle-history"><br></div><div class="battle-history">The opposing Cloyster used <strong>Explosion</strong>!<br></div><div class="battle-history"><small>(Cloyster lost 70% of its health!)</small><br></div><div class="spacer battle-history"><br></div><div class="battle-history">Cloyster fainted!<br></div><div class="battle-history">The opposing Cloyster fainted!<br></div><div class="spacer battle-history"><br></div><div class="battle-history">Go! <strong>Zapdos</strong>!<br></div><div class="spacer battle-history"><br></div><div class="battle-history">Ortheore sent out <strong>Vaporeon</strong>!<br></div><div class="battle-history"><small>The opposing Vaporeon was hurt by the spikes!</small><br></div><div class="spacer battle-history"><br></div><div class="battle-history"><small>The opposing Vaporeon restored a little HP using its Leftovers!</small><br></div><div class="spacer battle-history"><br></div><h2 class="battle-history">Turn 33</h2><div class="spacer battle-history"><br></div><div class="battle-history">Zapdos used <strong>Thunder</strong>!<br></div><div class="battle-history"><small>It's super effective!</small><br></div><div class="battle-history"><small>(The opposing Vaporeon lost 74% of its health!)</small><br></div><div class="spacer battle-history"><br></div><div class="battle-history">The opposing Vaporeon used <strong>Hydro Pump</strong>!<br></div><div class="battle-history"><small>Zapdos avoided the attack!</small><br></div><div class="spacer battle-history"><br></div><div class="battle-history"><small>The opposing Vaporeon restored a little HP using its Leftovers!</small><br></div><div class="spacer battle-history"><br></div><h2 class="battle-history">Turn 34</h2><div class="spacer battle-history"><br></div><div class="battle-history">Zapdos used <strong>Thunder</strong>!<br></div><div class="battle-history"><small>It's super effective!</small><br></div><div class="battle-history"><small>(The opposing Vaporeon lost 20% of its health!)</small><br></div><div class="spacer battle-history"><br></div><div class="battle-history">The opposing Vaporeon fainted!<br></div><div class="spacer battle-history"><br></div><div class="battle-history"><strong>HODOR</strong> won the battle!<br></div><div class="chat chatmessage-ortheore"><strong style="color:#5d56e0"><small>★</small><span class="username" data-name="Ortheore">Ortheore</span>:</strong> <em>gg</em></div><div class="chat chatmessage-hodor"><strong style="color:#6270da"><small>★</small><span class="username" data-name="HODOR">HODOR</span>:</strong> <em>gg</em></div></div><div class="inner-preempt"></div></div></div>
</div>
<script>
let daily = Math.floor(Date.now()/1000/60/60/24);document.write('<script src="https://play.pokemonshowdown.com/js/replay-embed.js?version'+daily+'"></'+'script>');
</script>
