<!DOCTYPE html>
<meta charset="utf-8" />
<!-- version 1 -->
<title>[Gen 2] OU replay: Mr.E vs. coconut teat</title>
<style>
html,body {font-family:Verdana, sans-serif;font-size:10pt;margin:0;padding:0;}body{padding:12px 0;} .battle-log {font-family:Verdana, sans-serif;font-size:10pt;} .battle-log-inline {border:1px solid #AAAAAA;background:#EEF2F5;color:black;max-width:640px;margin:0 auto 80px;padding-bottom:5px;} .battle-log .inner {padding:4px 8px 0px 8px;} .battle-log .inner-preempt {padding:0 8px 4px 8px;} .battle-log .inner-after {margin-top:0.5em;} .battle-log h2 {margin:0.5em -8px;padding:4px 8px;border:1px solid #AAAAAA;background:#E0E7EA;border-left:0;border-right:0;font-family:Verdana, sans-serif;font-size:13pt;} .battle-log .chat {vertical-align:middle;padding:3px 0 3px 0;font-size:8pt;} .battle-log .chat strong {color:#40576A;} .battle-log .chat em {padding:1px 4px 1px 3px;color:#000000;font-style:normal;} .chat.mine {background:rgba(0,0,0,0.05);margin-left:-8px;margin-right:-8px;padding-left:8px;padding-right:8px;} .spoiler {color:#BBBBBB;background:#BBBBBB;padding:0px 3px;} .spoiler:hover, .spoiler:active, .spoiler-shown {color:#000000;background:#E2E2E2;padding:0px 3px;} .spoiler a {color:#BBBBBB;} .spoiler:hover a, .spoiler:active a, .spoiler-shown a {color:#2288CC;} .chat code, .chat .spoiler:hover code, .chat .spoiler:active code, .chat .spoiler-shown code {border:1px solid #C0C0C0;background:#EEEEEE;color:black;padding:0 2px;} .chat .spoiler code {border:1px solid #CCCCCC;background:#CCCCCC;color:#CCCCCC;} .battle-log .rated {padding:3px 4px;} .battle-log .rated strong {color:white;background:#89A;padding:1px 4px;border-radius:4px;} .spacer {margin-top:0.5em;} .message-announce {background:#6688AA;color:white;padding:1px 4px 2px;} .message-announce a, .broadcast-green a, .broadcast-blue a, .broadcast-red a {color:#DDEEFF;} .broadcast-green {background-color:#559955;color:white;padding:2px 4px;} .broadcast-blue {background-color:#6688AA;color:white;padding:2px 4px;} .infobox {border:1px solid #6688AA;padding:2px 4px;} .infobox-limited {max-height:200px;overflow:auto;overflow-x:hidden;} .broadcast-red {background-color:#AA5544;color:white;padding:2px 4px;} .message-learn-canlearn {font-weight:bold;color:#228822;text-decoration:underline;} .message-learn-cannotlearn {font-weight:bold;color:#CC2222;text-decoration:underline;} .message-effect-weak {font-weight:bold;color:#CC2222;} .message-effect-resist {font-weight:bold;color:#6688AA;} .message-effect-immune {font-weight:bold;color:#666666;} .message-learn-list {margin-top:0;margin-bottom:0;} .message-throttle-notice, .message-error {color:#992222;} .message-overflow, .chat small.message-overflow {font-size:0pt;} .message-overflow::before {font-size:9pt;content:'...';} .subtle {color:#3A4A66;}
</style>
<div class="wrapper replay-wrapper" style="max-width:1180px;margin:0 auto">
<input type="hidden" name="replayid" value="smogtours-gen2ou-356382" />
<div class="battle"></div><div class="battle-log"></div><div class="replay-controls"></div><div class="replay-controls-2"></div>
<h1 style="font-weight:normal;text-align:center"><strong>[Gen 2] OU</strong><br /><a href="http://pokemonshowdown.com/users/mre" class="subtle" target="_blank">Mr.E</a> vs. <a href="http://pokemonshowdown.com/users/coconutteat" class="subtle" target="_blank">coconut teat</a></h1>
<script type="text/plain" class="battle-log-data">|inactive|Battle timer is ON: inactive players will automatically lose when time's up.
|player|p1|Mr.E|160
|player|p2|coconut teat|178
|teamsize|p1|6
|teamsize|p2|6
|gametype|singles
|gen|2
|tier|[Gen 2] OU
|rule|Sleep Clause Mod: Limit one foe put to sleep
|rule|Freeze Clause Mod: Limit one foe frozen
|rule|Species Clause: Limit one of each Pokémon
|rule|OHKO Clause: OHKO moves are banned
|rule|Evasion Moves Clause: Evasion moves are banned
|rule|HP Percentage Mod: HP is shown in percentages
|
|start
|switch|p1a: Sexdos|Zapdos|100\/100
|switch|p2a: che-aaahhh|Raikou|100\/100
|turn|1
|c|+Finchinator|LGI
|raw|<div class="broadcast-red"><strong>Moderated chat was set to ☆!<\/strong><br \/>Only users of rank ☆ and higher can talk.<\/div>
|inactive|coconut teat has 285 seconds left.
|
|switch|p1a: uber|Snorlax, M|100\/100
|move|p2a: che-aaahhh|Roar|p1a: uber
|drag|p1a: Sexgar|Gengar, M|100\/100
|
|upkeep
|turn|2
|
|switch|p2a: PS Vita|Umbreon, M|100\/100
|switch|p1a: uber|Snorlax, M|100\/100
|
|upkeep
|turn|3
|c|☆coconut teat|sponsored by sony
|inactive|Mr.E has 285 seconds left.
|
|switch|p1a: Sexlix|Steelix, M|100\/100
|move|p2a: PS Vita|Charm|p1a: Sexlix
|-unboost|p1a: Sexlix|atk|2
|
|upkeep
|turn|4
|
|switch|p2a: Marley Nightbug|Forretress, M|100\/100
|switch|p1a: Cloysex|Cloyster, M|100\/100
|
|upkeep
|turn|5
|
|move|p1a: Cloysex|Surf|p2a: Marley Nightbug
|-damage|p2a: Marley Nightbug|59\/100
|move|p2a: Marley Nightbug|Spikes|p1a: Cloysex
|-sidestart|p1: Mr.E|Spikes
|
|-heal|p2a: Marley Nightbug|65\/100|[from] item: Leftovers
|upkeep
|turn|6
|
|switch|p2a: the wet|Starmie|100\/100
|move|p1a: Cloysex|Spikes|p2a: the wet
|-sidestart|p2: coconut teat|Spikes
|
|upkeep
|turn|7
|inactive|coconut teat has 285 seconds left.
|
|move|p2a: the wet|Rapid Spin|p1a: Cloysex
|-crit|p1a: Cloysex
|-damage|p1a: Cloysex|95\/100
|-sideend|p2: coconut teat|Spikes|[from] move: Rapid Spin|[of] p2a: the wet
|move|p1a: Cloysex|Toxic|p2a: the wet|[miss]
|-miss|p1a: Cloysex
|
|-heal|p1a: Cloysex|100\/100|[from] item: Leftovers
|upkeep
|turn|8
|inactive|Mr.E has 285 seconds left.
|
|switch|p1a: uber|Snorlax, M|100\/100
|-damage|p1a: uber|88\/100|[from] Spikes
|move|p2a: the wet|Psychic|p1a: uber
|-damage|p1a: uber|69\/100
|
|-heal|p1a: uber|75\/100|[from] item: Leftovers
|upkeep
|turn|9
|
|switch|p2a: PS Vita|Umbreon, M|100\/100
|move|p1a: uber|Body Slam|p2a: PS Vita
|-damage|p2a: PS Vita|76\/100
|
|-heal|p2a: PS Vita|82\/100|[from] item: Leftovers
|-heal|p1a: uber|81\/100|[from] item: Leftovers
|upkeep
|turn|10
|
|switch|p1a: Sexlix|Steelix, M|100\/100
|-damage|p1a: Sexlix|88\/100|[from] Spikes
|move|p2a: PS Vita|Charm|p1a: Sexlix
|-unboost|p1a: Sexlix|atk|2
|
|-heal|p2a: PS Vita|88\/100|[from] item: Leftovers
|-heal|p1a: Sexlix|94\/100|[from] item: Leftovers
|upkeep
|turn|11
|
|switch|p2a: the wet|Starmie|100\/100
|move|p1a: Sexlix|Curse|p1a: Sexlix
|-unboost|p1a: Sexlix|spe|1
|-boost|p1a: Sexlix|atk|1
|-boost|p1a: Sexlix|def|1
|
|-heal|p1a: Sexlix|100\/100|[from] item: Leftovers
|upkeep
|turn|12
|inactive|Mr.E has 285 seconds left.
|
|switch|p1a: uber|Snorlax, M|81\/100
|-damage|p1a: uber|69\/100|[from] Spikes
|move|p2a: the wet|Surf|p1a: uber
|-damage|p1a: uber|50\/100
|
|-heal|p1a: uber|56\/100|[from] item: Leftovers
|upkeep
|turn|13
|
|switch|p2a: PS Vita|Umbreon, M|88\/100
|move|p1a: uber|Body Slam|p2a: PS Vita
|-damage|p2a: PS Vita|62\/100
|
|-heal|p2a: PS Vita|68\/100|[from] item: Leftovers
|-heal|p1a: uber|62\/100|[from] item: Leftovers
|upkeep
|turn|14
|
|move|p2a: PS Vita|Charm|p1a: uber
|-unboost|p1a: uber|atk|2
|move|p1a: uber|Body Slam|p2a: PS Vita
|-damage|p2a: PS Vita|55\/100
|
|-heal|p2a: PS Vita|61\/100|[from] item: Leftovers
|-heal|p1a: uber|68\/100|[from] item: Leftovers
|upkeep
|turn|15
|
|switch|p2a: Lazy Days Inn|Skarmory, M|100\/100
|switch|p1a: Cloysex|Cloyster, M|100\/100
|-damage|p1a: Cloysex|88\/100|[from] Spikes
|
|-heal|p1a: Cloysex|94\/100|[from] item: Leftovers
|upkeep
|turn|16
|
|switch|p2a: the wet|Starmie|100\/100
|move|p1a: Cloysex|Toxic|p2a: the wet
|-status|p2a: the wet|tox
|
|-heal|p1a: Cloysex|99\/100|[from] item: Leftovers
|upkeep
|turn|17
|inactive|Mr.E has 285 seconds left.
|
|switch|p1a: uber|Snorlax, M|68\/100
|-damage|p1a: uber|56\/100|[from] Spikes
|move|p2a: the wet|Psychic|p1a: uber
|-damage|p1a: uber|36\/100
|-damage|p2a: the wet|94\/100 tox|[from] tox|[of] p1a: uber
|
|-heal|p2a: the wet|100\/100 tox|[from] item: Leftovers
|-heal|p1a: uber|43\/100|[from] item: Leftovers
|upkeep
|turn|18
|inactive|Mr.E has 285 seconds left.
|
|switch|p2a: Lazy Days Inn|Skarmory, M|100\/100
|move|p1a: uber|Rest|p1a: uber
|-status|p1a: uber|slp
|-heal|p1a: uber|100\/100 slp|[silent]
|-status|p1a: uber|slp|[from] move: Rest
|
|upkeep
|turn|19
|
|switch|p2a: che-aaahhh|Raikou|100\/100
|cant|p1a: uber|slp
|
|upkeep
|turn|20
|
|cant|p1a: uber|slp
|move|p2a: che-aaahhh|Roar|p1a: uber
|drag|p1a: Sexgar|Gengar, M|100\/100
|-damage|p1a: Sexgar|88\/100|[from] Spikes
|
|-heal|p1a: Sexgar|94\/100|[from] item: Leftovers
|upkeep
|turn|21
|
|move|p2a: che-aaahhh|Reflect|p2a: che-aaahhh
|-sidestart|p2: coconut teat|Reflect
|move|p1a: Sexgar|Hypnosis|p2a: che-aaahhh|[miss]
|-miss|p1a: Sexgar
|
|-heal|p1a: Sexgar|100\/100|[from] item: Leftovers
|upkeep
|turn|22
|
|switch|p2a: PS Vita|Umbreon, M|61\/100
|switch|p1a: Sexlix|Steelix, M|100\/100
|-damage|p1a: Sexlix|88\/100|[from] Spikes
|
|-heal|p2a: PS Vita|67\/100|[from] item: Leftovers
|-heal|p1a: Sexlix|94\/100|[from] item: Leftovers
|upkeep
|turn|23
|inactive|Mr.E has 285 seconds left.
|
|switch|p2a: Marley Nightbug|Forretress, M|65\/100
|switch|p1a: Cloysex|Cloyster, M|99\/100
|-damage|p1a: Cloysex|88\/100|[from] Spikes
|
|-heal|p1a: Cloysex|94\/100|[from] item: Leftovers
|-heal|p2a: Marley Nightbug|71\/100|[from] item: Leftovers
|upkeep
|turn|24
|
|move|p1a: Cloysex|Surf|p2a: Marley Nightbug
|-damage|p2a: Marley Nightbug|27\/100
|move|p2a: Marley Nightbug|Toxic|p1a: Cloysex
|-status|p1a: Cloysex|tox
|
|-heal|p1a: Cloysex|99\/100 tox|[from] item: Leftovers
|-heal|p2a: Marley Nightbug|33\/100|[from] item: Leftovers
|upkeep
|turn|25
|
|switch|p2a: the wet|Starmie|100\/100 tox
|-status|p2a: the wet|psn
|-damage|p2a: the wet|88\/100 psn|[from] psn
|move|p1a: Cloysex|Spikes|p2a: the wet
|-sidestart|p2: coconut teat|Spikes
|-damage|p1a: Cloysex|94\/100 tox|[from] tox|[of] p2a: the wet
|
|-heal|p2a: the wet|94\/100 psn|[from] item: Leftovers
|-heal|p1a: Cloysex|99\/100 tox|[from] item: Leftovers
|-sideend|p2: coconut teat|Reflect
|upkeep
|turn|26
|inactive|Mr.E has 285 seconds left.
|
|move|p2a: the wet|Rapid Spin|p1a: Cloysex
|-damage|p1a: Cloysex|97\/100 tox
|-sideend|p2: coconut teat|Spikes|[from] move: Rapid Spin|[of] p2a: the wet
|-damage|p2a: the wet|82\/100 psn|[from] psn|[of] p1a: Cloysex
|move|p1a: Cloysex|Explosion|p2a: the wet
|-damage|p2a: the wet|0 fnt
|faint|p2a: the wet
|faint|p1a: Cloysex
|inactive|Mr.E has 285 seconds left.
|
|switch|p2a: soapy nipples|Snorlax, M|100\/100
|switch|p1a: Sexdos|Zapdos|100\/100
|
|upkeep
|turn|27
|inactive|Mr.E has 285 seconds left.
|
|move|p1a: Sexdos|Thunder|p2a: soapy nipples|[miss]
|-miss|p1a: Sexdos
|move|p2a: soapy nipples|Body Slam|p1a: Sexdos
|-damage|p1a: Sexdos|69\/100
|
|-heal|p1a: Sexdos|75\/100|[from] item: Leftovers
|upkeep
|turn|28
|inactive|Mr.E has 285 seconds left.
|
|switch|p1a: Sexgar|Gengar, M|100\/100
|-damage|p1a: Sexgar|88\/100|[from] Spikes
|move|p2a: soapy nipples|Body Slam|p1a: Sexgar
|-immune|p1a: Sexgar|[msg]
|
|-heal|p1a: Sexgar|94\/100|[from] item: Leftovers
|upkeep
|turn|29
|inactive|Mr.E has 285 seconds left.
|
|switch|p2a: PS Vita|Umbreon, M|67\/100
|move|p1a: Sexgar|Ice Punch|p2a: PS Vita
|-damage|p2a: PS Vita|53\/100
|-status|p2a: PS Vita|frz
|
|-heal|p1a: Sexgar|100\/100|[from] item: Leftovers
|-heal|p2a: PS Vita|59\/100 frz|[from] item: Leftovers
|upkeep
|turn|30
|c|☆coconut teat|oof
|inactive|Mr.E has 285 seconds left.
|
|move|p1a: Sexgar|Thunderbolt|p2a: PS Vita
|-damage|p2a: PS Vita|39\/100 frz
|cant|p2a: PS Vita|frz
|
|-heal|p2a: PS Vita|46\/100 frz|[from] item: Leftovers
|upkeep
|turn|31
|
|switch|p2a: che-aaahhh|Raikou|100\/100
|move|p1a: Sexgar|Thunderbolt|p2a: che-aaahhh
|-resisted|p2a: che-aaahhh
|-damage|p2a: che-aaahhh|89\/100
|-status|p2a: che-aaahhh|par
|
|-heal|p2a: che-aaahhh|95\/100 par|[from] item: Leftovers
|upkeep
|turn|32
|inactive|Mr.E has 285 seconds left.
|inactive|Mr.E has 270 seconds left.
|inactive|coconut teat has 285 seconds left.
|inactive|coconut teat has 270 seconds left.
|inactive|coconut teat has 255 seconds left.
|
|switch|p2a: soapy nipples|Snorlax, M|100\/100
|move|p1a: Sexgar|Ice Punch|p2a: soapy nipples
|-damage|p2a: soapy nipples|88\/100
|
|-heal|p2a: soapy nipples|95\/100|[from] item: Leftovers
|upkeep
|turn|33
|inactive|Mr.E has 270 seconds left.
|
|move|p1a: Sexgar|Hypnosis|p2a: soapy nipples
|-status|p2a: soapy nipples|slp
|cant|p2a: soapy nipples|slp
|
|-heal|p2a: soapy nipples|100\/100 slp|[from] item: Leftovers
|upkeep
|turn|34
|
|switch|p1a: Sexchamp|Machamp, M|100\/100
|-damage|p1a: Sexchamp|88\/100|[from] Spikes
|cant|p2a: soapy nipples|slp
|
|-heal|p1a: Sexchamp|94\/100|[from] item: Leftovers
|upkeep
|turn|35
|inactive|Mr.E has 270 seconds left.
|
|switch|p2a: Lazy Days Inn|Skarmory, M|100\/100
|move|p1a: Sexchamp|Curse|p1a: Sexchamp
|-unboost|p1a: Sexchamp|spe|1
|-boost|p1a: Sexchamp|atk|1
|-boost|p1a: Sexchamp|def|1
|
|-heal|p1a: Sexchamp|99\/100|[from] item: Leftovers
|upkeep
|turn|36
|
|move|p2a: Lazy Days Inn|Curse|p2a: Lazy Days Inn
|-unboost|p2a: Lazy Days Inn|spe|1
|-boost|p2a: Lazy Days Inn|atk|1
|-boost|p2a: Lazy Days Inn|def|1
|move|p1a: Sexchamp|Cross Chop|p2a: Lazy Days Inn
|-damage|p2a: Lazy Days Inn|67\/100
|
|-heal|p2a: Lazy Days Inn|73\/100|[from] item: Leftovers
|-heal|p1a: Sexchamp|100\/100|[from] item: Leftovers
|upkeep
|turn|37
|inactive|Mr.E has 270 seconds left.
|
|move|p2a: Lazy Days Inn|Drill Peck|p1a: Sexchamp
|-supereffective|p1a: Sexchamp
|-damage|p1a: Sexchamp|55\/100
|move|p1a: Sexchamp|Cross Chop|p2a: Lazy Days Inn
|-damage|p2a: Lazy Days Inn|38\/100
|
|-heal|p2a: Lazy Days Inn|44\/100|[from] item: Leftovers
|-heal|p1a: Sexchamp|61\/100|[from] item: Leftovers
|upkeep
|turn|38
|
|switch|p1a: Sexdos|Zapdos|75\/100
|move|p2a: Lazy Days Inn|Drill Peck|p1a: Sexdos
|-resisted|p1a: Sexdos
|-damage|p1a: Sexdos|58\/100
|
|-heal|p1a: Sexdos|64\/100|[from] item: Leftovers
|-heal|p2a: Lazy Days Inn|50\/100|[from] item: Leftovers
|upkeep
|turn|39
|
|switch|p1a: uber|Snorlax, M|100\/100 slp
|-damage|p1a: uber|88\/100 slp|[from] Spikes
|switch|p2a: che-aaahhh|Raikou|95\/100 par
|
|-heal|p1a: uber|94\/100 slp|[from] item: Leftovers
|-heal|p2a: che-aaahhh|100\/100 par|[from] item: Leftovers
|upkeep
|turn|40
|inactive|Mr.E has 255 seconds left.
|
|-curestatus|p1a: uber|slp|[msg]
|move|p1a: uber|Curse|p1a: uber
|-unboost|p1a: uber|spe|1
|-boost|p1a: uber|atk|1
|-boost|p1a: uber|def|1
|move|p2a: che-aaahhh|Reflect|p2a: che-aaahhh
|-sidestart|p2: coconut teat|Reflect
|
|-heal|p1a: uber|99\/100|[from] item: Leftovers
|upkeep
|turn|41
|
|switch|p2a: Lazy Days Inn|Skarmory, M|50\/100
|move|p1a: uber|Body Slam|p2a: Lazy Days Inn
|-resisted|p2a: Lazy Days Inn
|-damage|p2a: Lazy Days Inn|41\/100
|-status|p2a: Lazy Days Inn|par
|
|-heal|p1a: uber|100\/100|[from] item: Leftovers
|-heal|p2a: Lazy Days Inn|47\/100 par|[from] item: Leftovers
|upkeep
|turn|42
|inactive|Mr.E has 255 seconds left.
|c|☆Mr.E|DON'T CURSE BEHIND REFLECT NIGGA
|
|switch|p2a: PS Vita|Umbreon, M|46\/100 frz
|move|p1a: uber|Fire Blast|p2a: PS Vita
|-crit|p2a: PS Vita
|-damage|p2a: PS Vita|16\/100 frz
|-curestatus|p2a: PS Vita|frz|[msg]
|
|-heal|p2a: PS Vita|22\/100|[from] item: Leftovers
|upkeep
|turn|43
|c|☆coconut teat|ik nigga
|c|☆Mr.E|well played
|c|☆coconut teat|thanks
|inactive|Mr.E has 255 seconds left.
|inactive|coconut teat has 285 seconds left.
|
|move|p2a: PS Vita|Rest|p2a: PS Vita
|-status|p2a: PS Vita|slp
|-heal|p2a: PS Vita|100\/100 slp|[silent]
|-status|p2a: PS Vita|slp|[from] move: Rest
|move|p1a: uber|Body Slam|p2a: PS Vita
|-damage|p2a: PS Vita|82\/100 slp
|
|-heal|p2a: PS Vita|89\/100 slp|[from] item: Leftovers
|upkeep
|turn|44
|inactive|Mr.E has 255 seconds left.
|
|cant|p2a: PS Vita|slp
|move|p2a: PS Vita|Sleep Talk|p2a: PS Vita
|move|p2a: PS Vita|Charm|p1a: uber|[from]Sleep Talk
|-unboost|p1a: uber|atk|2
|move|p1a: uber|Curse|p1a: uber
|-unboost|p1a: uber|spe|1
|-boost|p1a: uber|atk|1
|-boost|p1a: uber|def|1
|
|-heal|p2a: PS Vita|95\/100 slp|[from] item: Leftovers
|-sideend|p2: coconut teat|Reflect
|upkeep
|turn|45
|inactive|Mr.E has 240 seconds left.
|inactive|coconut teat has 285 seconds left.
|
|cant|p2a: PS Vita|slp
|move|p1a: uber|Curse|p1a: uber
|-unboost|p1a: uber|spe|1
|-boost|p1a: uber|atk|1
|-boost|p1a: uber|def|1
|
|-heal|p2a: PS Vita|100\/100 slp|[from] item: Leftovers
|upkeep
|turn|46
|
|-curestatus|p2a: PS Vita|slp|[msg]
|move|p2a: PS Vita|Charm|p1a: uber
|-unboost|p1a: uber|atk|2
|move|p1a: uber|Body Slam|p2a: PS Vita
|-damage|p2a: PS Vita|82\/100
|
|-heal|p2a: PS Vita|89\/100|[from] item: Leftovers
|upkeep
|turn|47
|
|move|p2a: PS Vita|Charm|p1a: uber
|-unboost|p1a: uber|atk|2
|move|p1a: uber|Body Slam|p2a: PS Vita
|-damage|p2a: PS Vita|79\/100
|-status|p2a: PS Vita|par
|
|-heal|p2a: PS Vita|85\/100 par|[from] item: Leftovers
|upkeep
|turn|48
|inactive|coconut teat has 285 seconds left.
|
|switch|p1a: Sexdos|Zapdos|64\/100
|switch|p2a: Lazy Days Inn|Skarmory, M|47\/100 par
|
|-heal|p1a: Sexdos|70\/100|[from] item: Leftovers
|-heal|p2a: Lazy Days Inn|53\/100 par|[from] item: Leftovers
|upkeep
|turn|49
|inactive|Mr.E has 240 seconds left.
|inactive|coconut teat has 285 seconds left.
|c|☆coconut teat|in
|inactive|coconut teat has 270 seconds left.
|
|switch|p1a: Sexlix|Steelix, M|94\/100
|-damage|p1a: Sexlix|82\/100|[from] Spikes
|switch|p2a: che-aaahhh|Raikou|100\/100 par
|
|-heal|p1a: Sexlix|88\/100|[from] item: Leftovers
|upkeep
|turn|50
|
|switch|p2a: Lazy Days Inn|Skarmory, M|53\/100 par
|move|p1a: Sexlix|Curse|p1a: Sexlix
|-unboost|p1a: Sexlix|spe|1
|-boost|p1a: Sexlix|atk|1
|-boost|p1a: Sexlix|def|1
|
|-heal|p1a: Sexlix|94\/100|[from] item: Leftovers
|-heal|p2a: Lazy Days Inn|59\/100 par|[from] item: Leftovers
|upkeep
|turn|51
|inactive|coconut teat has 285 seconds left.
|inactive|coconut teat has 270 seconds left.
|
|move|p1a: Sexlix|Rock Slide|p2a: Lazy Days Inn
|-damage|p2a: Lazy Days Inn|38\/100 par
|cant|p2a: Lazy Days Inn|par
|
|-heal|p1a: Sexlix|100\/100|[from] item: Leftovers
|-heal|p2a: Lazy Days Inn|44\/100 par|[from] item: Leftovers
|upkeep
|turn|52
|inactive|Mr.E has 240 seconds left.
|
|move|p1a: Sexlix|Rock Slide|p2a: Lazy Days Inn
|-damage|p2a: Lazy Days Inn|24\/100 par
|move|p2a: Lazy Days Inn|Rest|p2a: Lazy Days Inn
|-status|p2a: Lazy Days Inn|slp
|-heal|p2a: Lazy Days Inn|100\/100 slp|[silent]
|-status|p2a: Lazy Days Inn|slp|[from] move: Rest
|
|upkeep
|turn|53
|inactive|Mr.E has 240 seconds left.
|
|switch|p2a: PS Vita|Umbreon, M|85\/100 par
|move|p1a: Sexlix|Curse|p1a: Sexlix
|-unboost|p1a: Sexlix|spe|1
|-boost|p1a: Sexlix|atk|1
|-boost|p1a: Sexlix|def|1
|
|-heal|p2a: PS Vita|91\/100 par|[from] item: Leftovers
|upkeep
|turn|54
|
|move|p1a: Sexlix|Earthquake|p2a: PS Vita
|-damage|p2a: PS Vita|38\/100 par
|move|p2a: PS Vita|Charm|p1a: Sexlix
|-unboost|p1a: Sexlix|atk|2
|
|-heal|p2a: PS Vita|45\/100 par|[from] item: Leftovers
|upkeep
|turn|55
|inactive|Mr.E has 240 seconds left.
|
|move|p1a: Sexlix|Earthquake|p2a: PS Vita
|-crit|p2a: PS Vita
|-damage|p2a: PS Vita|0 fnt
|faint|p2a: PS Vita
|c|☆coconut teat|weretwhretyrthsgeaewaethsry
|
|switch|p2a: Lazy Days Inn|Skarmory, M|100\/100 slp
|
|upkeep
|turn|56
|inactive|Mr.E has 255 seconds left.
|inactive|Mr.E has 240 seconds left.
|
|switch|p1a: Sexdos|Zapdos|70\/100
|cant|p2a: Lazy Days Inn|slp
|
|-heal|p1a: Sexdos|76\/100|[from] item: Leftovers
|upkeep
|turn|57
|
|switch|p2a: soapy nipples|Snorlax, M|100\/100 slp
|move|p1a: Sexdos|Thunder|p2a: soapy nipples
|-damage|p2a: soapy nipples|71\/100 slp
|
|-heal|p1a: Sexdos|82\/100|[from] item: Leftovers
|-heal|p2a: soapy nipples|77\/100 slp|[from] item: Leftovers
|upkeep
|turn|58
|
|switch|p1a: Sexchamp|Machamp, M|61\/100
|-damage|p1a: Sexchamp|48\/100|[from] Spikes
|cant|p2a: soapy nipples|slp
|
|-heal|p1a: Sexchamp|54\/100|[from] item: Leftovers
|-heal|p2a: soapy nipples|83\/100 slp|[from] item: Leftovers
|upkeep
|turn|59
|
|move|p1a: Sexchamp|Curse|p1a: Sexchamp
|-unboost|p1a: Sexchamp|spe|1
|-boost|p1a: Sexchamp|atk|1
|-boost|p1a: Sexchamp|def|1
|cant|p2a: soapy nipples|slp
|
|-heal|p2a: soapy nipples|90\/100 slp|[from] item: Leftovers
|-heal|p1a: Sexchamp|60\/100|[from] item: Leftovers
|upkeep
|turn|60
|inactive|Mr.E has 255 seconds left.
|
|switch|p2a: Lazy Days Inn|Skarmory, M|100\/100 slp
|move|p1a: Sexchamp|Cross Chop|p2a: Lazy Days Inn
|-damage|p2a: Lazy Days Inn|49\/100 slp
|
|-heal|p2a: Lazy Days Inn|55\/100 slp|[from] item: Leftovers
|-heal|p1a: Sexchamp|66\/100|[from] item: Leftovers
|upkeep
|turn|61
|
|cant|p2a: Lazy Days Inn|slp
|move|p1a: Sexchamp|Cross Chop|p2a: Lazy Days Inn
|-crit|p2a: Lazy Days Inn
|-damage|p2a: Lazy Days Inn|0 fnt
|faint|p2a: Lazy Days Inn
|
|switch|p2a: Marley Nightbug|Forretress, M|33\/100
|
|-heal|p2a: Marley Nightbug|39\/100|[from] item: Leftovers
|-heal|p1a: Sexchamp|72\/100|[from] item: Leftovers
|upkeep
|turn|62
|inactive|Mr.E has 270 seconds left.
|
|switch|p1a: Sexgar|Gengar, M|100\/100
|-damage|p1a: Sexgar|88\/100|[from] Spikes
|move|p2a: Marley Nightbug|Explosion|p1a: Sexgar
|-immune|p1a: Sexgar|[msg]
|faint|p2a: Marley Nightbug
|
|switch|p2a: che-aaahhh|Raikou|100\/100 par
|
|-heal|p1a: Sexgar|94\/100|[from] item: Leftovers
|upkeep
|turn|63
|inactive|Mr.E has 285 seconds left.
|
|move|p1a: Sexgar|Explosion|p2a: che-aaahhh
|-damage|p2a: che-aaahhh|9\/100 par
|faint|p1a: Sexgar
|
|switch|p1a: Sexchamp|Machamp, M|72\/100
|-damage|p1a: Sexchamp|60\/100|[from] Spikes
|
|-heal|p1a: Sexchamp|66\/100|[from] item: Leftovers
|-heal|p2a: che-aaahhh|15\/100 par|[from] item: Leftovers
|upkeep
|turn|64
|
|move|p1a: Sexchamp|Earthquake|p2a: che-aaahhh
|-supereffective|p2a: che-aaahhh
|-damage|p2a: che-aaahhh|0 fnt
|faint|p2a: che-aaahhh
|
|switch|p2a: soapy nipples|Snorlax, M|90\/100 slp
|
|-heal|p1a: Sexchamp|72\/100|[from] item: Leftovers
|-heal|p2a: soapy nipples|96\/100 slp|[from] item: Leftovers
|upkeep
|turn|65
|
|move|p1a: Sexchamp|Cross Chop|p2a: soapy nipples
|-supereffective|p2a: soapy nipples
|-damage|p2a: soapy nipples|21\/100 slp
|cant|p2a: soapy nipples|slp
|
|-heal|p1a: Sexchamp|78\/100|[from] item: Leftovers
|-heal|p2a: soapy nipples|27\/100 slp|[from] item: Leftovers
|upkeep
|turn|66
|
|move|p1a: Sexchamp|Earthquake|p2a: soapy nipples
|-damage|p2a: soapy nipples|3\/100 slp
|cant|p2a: soapy nipples|slp
|
|-heal|p1a: Sexchamp|84\/100|[from] item: Leftovers
|-heal|p2a: soapy nipples|9\/100 slp|[from] item: Leftovers
|upkeep
|turn|67
|c|☆coconut teat|max sleep too :(
|
|move|p1a: Sexchamp|Earthquake|p2a: soapy nipples
|-damage|p2a: soapy nipples|0 fnt
|faint|p2a: soapy nipples
|
|win|Mr.E
|c|☆Mr.E|sry mang
</script>
</div>
<div class="battle-log battle-log-inline"><div class="inner"><div class="battle-options"></div><div class="inner"><div class="chat message-error">Battle timer is ON: inactive players will automatically lose when time's up.</div><div class=""><small>Format:</small> <br><strong>[Gen 2] OU</strong></div><div class=""><small><em>Sleep Clause Mod:</em> Limit one foe put to sleep</small></div><div class=""><small><em>Freeze Clause Mod:</em> Limit one foe frozen</small></div><div class=""><small><em>Species Clause:</em> Limit one of each Pokémon</small></div><div class=""><small><em>OHKO Clause:</em> OHKO moves are banned</small></div><div class=""><small><em>Evasion Moves Clause:</em> Evasion moves are banned</small></div><div class=""><small><em>HP Percentage Mod:</em> HP is shown in percentages</small></div><div class="spacer battle-history"><br></div><div class="battle-history">Battle started between Mr.E and coconut teat!<br></div><div class="spacer battle-history"><br></div><div class="battle-history">Go! Sexdos (<strong>Zapdos</strong>)!<br></div><div class="spacer battle-history"><br></div><div class="battle-history">coconut teat sent out che-aaahhh (<strong>Raikou</strong>)!<br></div><div class="spacer battle-history"><br></div><h2 class="battle-history">Turn 1</h2><div class="chat chatmessage-finchinator"><strong style="color:#4754e6"><small>+</small><span class="username" data-name="Finchinator">Finchinator</span>:</strong> <em>LGI</em></div><div class="chat"><div class="broadcast-red"><strong>Moderated chat was set to ☆!</strong><br>Only users of rank ☆ and higher can talk.</div></div><div class="chat message-error">coconut teat has 285 seconds left.</div><div class="spacer battle-history"><br></div><div class="battle-history">Sexdos, come back!<br></div><div class="battle-history">Go! uber (<strong>Snorlax</strong>)!<br></div><div class="spacer battle-history"><br></div><div class="battle-history">The opposing che-aaahhh used <strong>Roar</strong>!<br></div><div class="spacer battle-history"><br></div><div class="battle-history">Sexgar (<strong>Gengar</strong>) was dragged out!<br></div><div class="spacer battle-history"><br></div><h2 class="battle-history">Turn 2</h2><div class="spacer battle-history"><br></div><div class="battle-history">coconut teat withdrew che-aaahhh!<br></div><div class="battle-history">coconut teat sent out PS Vita (<strong>Umbreon</strong>)!<br></div><div class="spacer battle-history"><br></div><div class="battle-history">Sexgar, come back!<br></div><div class="battle-history">Go! uber (<strong>Snorlax</strong>)!<br></div><div class="spacer battle-history"><br></div><h2 class="battle-history">Turn 3</h2><div class="chat chatmessage-coconutteat"><strong style="color:#a252bd"><small>☆</small><span class="username" data-name="coconut teat">coconut teat</span>:</strong> <em>sponsored by sony</em></div><div class="chat message-error">Mr.E has 285 seconds left.</div><div class="spacer battle-history"><br></div><div class="battle-history">uber, come back!<br></div><div class="battle-history">Go! Sexlix (<strong>Steelix</strong>)!<br></div><div class="spacer battle-history"><br></div><div class="battle-history">The opposing PS Vita used <strong>Charm</strong>!<br></div><div class="battle-history"><small>Sexlix's Attack fell harshly!</small><br></div><div class="spacer battle-history"><br></div><h2 class="battle-history">Turn 4</h2><div class="spacer battle-history"><br></div><div class="battle-history">coconut teat withdrew PS Vita!<br></div><div class="battle-history">coconut teat sent out Marley Nightbug (<strong>Forretress</strong>)!<br></div><div class="spacer battle-history"><br></div><div class="battle-history">Sexlix, come back!<br></div><div class="battle-history">Go! Cloysex (<strong>Cloyster</strong>)!<br></div><div class="spacer battle-history"><br></div><h2 class="battle-history">Turn 5</h2><div class="spacer battle-history"><br></div><div class="battle-history">Cloysex used <strong>Surf</strong>!<br></div><div class="battle-history"><small>(The opposing Marley Nightbug lost 41% of its health!)</small><br></div><div class="spacer battle-history"><br></div><div class="battle-history">The opposing Marley Nightbug used <strong>Spikes</strong>!<br></div><div class="battle-history"><small>Spikes were scattered on the ground all around your team!</small><br></div><div class="spacer battle-history"><br></div><div class="battle-history"><small>The opposing Marley Nightbug restored a little HP using its Leftovers!</small><br></div><div class="spacer battle-history"><br></div><h2 class="battle-history">Turn 6</h2><div class="spacer battle-history"><br></div><div class="battle-history">coconut teat withdrew Marley Nightbug!<br></div><div class="battle-history">coconut teat sent out the wet (<strong>Starmie</strong>)!<br></div><div class="spacer battle-history"><br></div><div class="battle-history">Cloysex used <strong>Spikes</strong>!<br></div><div class="battle-history"><small>Spikes were scattered on the ground all around the opposing team!</small><br></div><div class="spacer battle-history"><br></div><h2 class="battle-history">Turn 7</h2><div class="chat message-error">coconut teat has 285 seconds left.</div><div class="spacer battle-history"><br></div><div class="battle-history">The opposing the wet used <strong>Rapid Spin</strong>!<br></div><div class="battle-history"><small>A critical hit!</small><br></div><div class="battle-history"><small>(Cloysex lost 5% of its health!)</small><br></div><div class="battle-history"><small>The spikes disappeared from the ground around the opposing team!</small><br></div><div class="spacer battle-history"><br></div><div class="battle-history">Cloysex used <strong>Toxic</strong>!<br></div><div class="battle-history"><small>Cloysex's attack missed!</small><br></div><div class="spacer battle-history"><br></div><div class="battle-history"><small>Cloysex restored a little HP using its Leftovers!</small><br></div><div class="spacer battle-history"><br></div><h2 class="battle-history">Turn 8</h2><div class="chat message-error">Mr.E has 285 seconds left.</div><div class="spacer battle-history"><br></div><div class="battle-history">Cloysex, come back!<br></div><div class="battle-history">Go! uber (<strong>Snorlax</strong>)!<br></div><div class="battle-history"><small>uber was hurt by the spikes!</small><br></div><div class="spacer battle-history"><br></div><div class="battle-history">The opposing the wet used <strong>Psychic</strong>!<br></div><div class="battle-history"><small>(uber lost 19% of its health!)</small><br></div><div class="spacer battle-history"><br></div><div class="battle-history"><small>uber restored a little HP using its Leftovers!</small><br></div><div class="spacer battle-history"><br></div><h2 class="battle-history">Turn 9</h2><div class="spacer battle-history"><br></div><div class="battle-history">coconut teat withdrew the wet!<br></div><div class="battle-history">coconut teat sent out PS Vita (<strong>Umbreon</strong>)!<br></div><div class="spacer battle-history"><br></div><div class="battle-history">uber used <strong>Body Slam</strong>!<br></div><div class="battle-history"><small>(The opposing PS Vita lost 24% of its health!)</small><br></div><div class="spacer battle-history"><br></div><div class="battle-history"><small>The opposing PS Vita restored a little HP using its Leftovers!</small><br></div><div class="battle-history"><small>uber restored a little HP using its Leftovers!</small><br></div><div class="spacer battle-history"><br></div><h2 class="battle-history">Turn 10</h2><div class="spacer battle-history"><br></div><div class="battle-history">uber, come back!<br></div><div class="battle-history">Go! Sexlix (<strong>Steelix</strong>)!<br></div><div class="battle-history"><small>Sexlix was hurt by the spikes!</small><br></div><div class="spacer battle-history"><br></div><div class="battle-history">The opposing PS Vita used <strong>Charm</strong>!<br></div><div class="battle-history"><small>Sexlix's Attack fell harshly!</small><br></div><div class="spacer battle-history"><br></div><div class="battle-history"><small>The opposing PS Vita restored a little HP using its Leftovers!</small><br></div><div class="battle-history"><small>Sexlix restored a little HP using its Leftovers!</small><br></div><div class="spacer battle-history"><br></div><h2 class="battle-history">Turn 11</h2><div class="spacer battle-history"><br></div><div class="battle-history">coconut teat withdrew PS Vita!<br></div><div class="battle-history">coconut teat sent out the wet (<strong>Starmie</strong>)!<br></div><div class="spacer battle-history"><br></div><div class="battle-history">Sexlix used <strong>Curse</strong>!<br></div><div class="battle-history"><small>Sexlix's Speed fell!</small><br></div><div class="battle-history"><small>Sexlix's Attack rose!</small><br></div><div class="battle-history"><small>Sexlix's Defense rose!</small><br></div><div class="spacer battle-history"><br></div><div class="battle-history"><small>Sexlix restored a little HP using its Leftovers!</small><br></div><div class="spacer battle-history"><br></div><h2 class="battle-history">Turn 12</h2><div class="chat message-error">Mr.E has 285 seconds left.</div><div class="spacer battle-history"><br></div><div class="battle-history">Sexlix, come back!<br></div><div class="battle-history">Go! uber (<strong>Snorlax</strong>)!<br></div><div class="battle-history"><small>uber was hurt by the spikes!</small><br></div><div class="spacer battle-history"><br></div><div class="battle-history">The opposing the wet used <strong>Surf</strong>!<br></div><div class="battle-history"><small>(uber lost 19% of its health!)</small><br></div><div class="spacer battle-history"><br></div><div class="battle-history"><small>uber restored a little HP using its Leftovers!</small><br></div><div class="spacer battle-history"><br></div><h2 class="battle-history">Turn 13</h2><div class="spacer battle-history"><br></div><div class="battle-history">coconut teat withdrew the wet!<br></div><div class="battle-history">coconut teat sent out PS Vita (<strong>Umbreon</strong>)!<br></div><div class="spacer battle-history"><br></div><div class="battle-history">uber used <strong>Body Slam</strong>!<br></div><div class="battle-history"><small>(The opposing PS Vita lost 26% of its health!)</small><br></div><div class="spacer battle-history"><br></div><div class="battle-history"><small>The opposing PS Vita restored a little HP using its Leftovers!</small><br></div><div class="battle-history"><small>uber restored a little HP using its Leftovers!</small><br></div><div class="spacer battle-history"><br></div><h2 class="battle-history">Turn 14</h2><div class="spacer battle-history"><br></div><div class="battle-history">The opposing PS Vita used <strong>Charm</strong>!<br></div><div class="battle-history"><small>uber's Attack fell harshly!</small><br></div><div class="spacer battle-history"><br></div><div class="battle-history">uber used <strong>Body Slam</strong>!<br></div><div class="battle-history"><small>(The opposing PS Vita lost 13% of its health!)</small><br></div><div class="spacer battle-history"><br></div><div class="battle-history"><small>The opposing PS Vita restored a little HP using its Leftovers!</small><br></div><div class="battle-history"><small>uber restored a little HP using its Leftovers!</small><br></div><div class="spacer battle-history"><br></div><h2 class="battle-history">Turn 15</h2><div class="spacer battle-history"><br></div><div class="battle-history">coconut teat withdrew PS Vita!<br></div><div class="battle-history">coconut teat sent out Lazy Days Inn (<strong>Skarmory</strong>)!<br></div><div class="spacer battle-history"><br></div><div class="battle-history">uber, come back!<br></div><div class="battle-history">Go! Cloysex (<strong>Cloyster</strong>)!<br></div><div class="battle-history"><small>Cloysex was hurt by the spikes!</small><br></div><div class="spacer battle-history"><br></div><div class="battle-history"><small>Cloysex restored a little HP using its Leftovers!</small><br></div><div class="spacer battle-history"><br></div><h2 class="battle-history">Turn 16</h2><div class="spacer battle-history"><br></div><div class="battle-history">coconut teat withdrew Lazy Days Inn!<br></div><div class="battle-history">coconut teat sent out the wet (<strong>Starmie</strong>)!<br></div><div class="spacer battle-history"><br></div><div class="battle-history">Cloysex used <strong>Toxic</strong>!<br></div><div class="battle-history"><small>The opposing the wet was badly poisoned!</small><br></div><div class="spacer battle-history"><br></div><div class="battle-history"><small>Cloysex restored a little HP using its Leftovers!</small><br></div><div class="spacer battle-history"><br></div><h2 class="battle-history">Turn 17</h2><div class="chat message-error">Mr.E has 285 seconds left.</div><div class="spacer battle-history"><br></div><div class="battle-history">Cloysex, come back!<br></div><div class="battle-history">Go! uber (<strong>Snorlax</strong>)!<br></div><div class="battle-history"><small>uber was hurt by the spikes!</small><br></div><div class="spacer battle-history"><br></div><div class="battle-history">The opposing the wet used <strong>Psychic</strong>!<br></div><div class="battle-history"><small>(uber lost 20% of its health!)</small><br></div><div class="battle-history"><small>The opposing the wet was hurt by poison!</small><br></div><div class="spacer battle-history"><br></div><div class="battle-history"><small>The opposing the wet restored a little HP using its Leftovers!</small><br></div><div class="battle-history"><small>uber restored a little HP using its Leftovers!</small><br></div><div class="spacer battle-history"><br></div><h2 class="battle-history">Turn 18</h2><div class="chat message-error">Mr.E has 285 seconds left.</div><div class="spacer battle-history"><br></div><div class="battle-history">coconut teat withdrew the wet!<br></div><div class="battle-history">coconut teat sent out Lazy Days Inn (<strong>Skarmory</strong>)!<br></div><div class="spacer battle-history"><br></div><div class="battle-history">uber used <strong>Rest</strong>!<br></div><div class="battle-history"><small>uber fell asleep!</small><br></div><div class="battle-history"><small>uber slept and became healthy!</small><br></div><div class="spacer battle-history"><br></div><h2 class="battle-history">Turn 19</h2><div class="spacer battle-history"><br></div><div class="battle-history">coconut teat withdrew Lazy Days Inn!<br></div><div class="battle-history">coconut teat sent out che-aaahhh (<strong>Raikou</strong>)!<br></div><div class="spacer battle-history"><br></div><div class="battle-history">uber is fast asleep.<br></div><div class="spacer battle-history"><br></div><h2 class="battle-history">Turn 20</h2><div class="spacer battle-history"><br></div><div class="battle-history">uber is fast asleep.<br></div><div class="spacer battle-history"><br></div><div class="battle-history">The opposing che-aaahhh used <strong>Roar</strong>!<br></div><div class="spacer battle-history"><br></div><div class="battle-history">Sexgar (<strong>Gengar</strong>) was dragged out!<br></div><div class="battle-history"><small>Sexgar was hurt by the spikes!</small><br></div><div class="spacer battle-history"><br></div><div class="battle-history"><small>Sexgar restored a little HP using its Leftovers!</small><br></div><div class="spacer battle-history"><br></div><h2 class="battle-history">Turn 21</h2><div class="spacer battle-history"><br></div><div class="battle-history">The opposing che-aaahhh used <strong>Reflect</strong>!<br></div><div class="battle-history"><small>Reflect made the opposing team stronger against physical moves!</small><br></div><div class="spacer battle-history"><br></div><div class="battle-history">Sexgar used <strong>Hypnosis</strong>!<br></div><div class="battle-history"><small>Sexgar's attack missed!</small><br></div><div class="spacer battle-history"><br></div><div class="battle-history"><small>Sexgar restored a little HP using its Leftovers!</small><br></div><div class="spacer battle-history"><br></div><h2 class="battle-history">Turn 22</h2><div class="spacer battle-history"><br></div><div class="battle-history">coconut teat withdrew che-aaahhh!<br></div><div class="battle-history">coconut teat sent out PS Vita (<strong>Umbreon</strong>)!<br></div><div class="spacer battle-history"><br></div><div class="battle-history">Sexgar, come back!<br></div><div class="battle-history">Go! Sexlix (<strong>Steelix</strong>)!<br></div><div class="battle-history"><small>Sexlix was hurt by the spikes!</small><br></div><div class="spacer battle-history"><br></div><div class="battle-history"><small>The opposing PS Vita restored a little HP using its Leftovers!</small><br></div><div class="battle-history"><small>Sexlix restored a little HP using its Leftovers!</small><br></div><div class="spacer battle-history"><br></div><h2 class="battle-history">Turn 23</h2><div class="chat message-error">Mr.E has 285 seconds left.</div><div class="spacer battle-history"><br></div><div class="battle-history">coconut teat withdrew PS Vita!<br></div><div class="battle-history">coconut teat sent out Marley Nightbug (<strong>Forretress</strong>)!<br></div><div class="spacer battle-history"><br></div><div class="battle-history">Sexlix, come back!<br></div><div class="battle-history">Go! Cloysex (<strong>Cloyster</strong>)!<br></div><div class="battle-history"><small>Cloysex was hurt by the spikes!</small><br></div><div class="spacer battle-history"><br></div><div class="battle-history"><small>Cloysex restored a little HP using its Leftovers!</small><br></div><div class="battle-history"><small>The opposing Marley Nightbug restored a little HP using its Leftovers!</small><br></div><div class="spacer battle-history"><br></div><h2 class="battle-history">Turn 24</h2><div class="spacer battle-history"><br></div><div class="battle-history">Cloysex used <strong>Surf</strong>!<br></div><div class="battle-history"><small>(The opposing Marley Nightbug lost 44% of its health!)</small><br></div><div class="spacer battle-history"><br></div><div class="battle-history">The opposing Marley Nightbug used <strong>Toxic</strong>!<br></div><div class="battle-history"><small>Cloysex was badly poisoned!</small><br></div><div class="spacer battle-history"><br></div><div class="battle-history"><small>Cloysex restored a little HP using its Leftovers!</small><br></div><div class="battle-history"><small>The opposing Marley Nightbug restored a little HP using its Leftovers!</small><br></div><div class="spacer battle-history"><br></div><h2 class="battle-history">Turn 25</h2><div class="spacer battle-history"><br></div><div class="battle-history">coconut teat withdrew Marley Nightbug!<br></div><div class="battle-history">coconut teat sent out the wet (<strong>Starmie</strong>)!<br></div><div class="battle-history"><small>The opposing the wet was poisoned!</small><br></div><div class="battle-history"><small>The opposing the wet was hurt by poison!</small><br></div><div class="spacer battle-history"><br></div><div class="battle-history">Cloysex used <strong>Spikes</strong>!<br></div><div class="battle-history"><small>Spikes were scattered on the ground all around the opposing team!</small><br></div><div class="battle-history"><small>Cloysex was hurt by poison!</small><br></div><div class="spacer battle-history"><br></div><div class="battle-history"><small>The opposing the wet restored a little HP using its Leftovers!</small><br></div><div class="battle-history"><small>Cloysex restored a little HP using its Leftovers!</small><br></div><div class="battle-history"><small>The opposing team's Reflect wore off!</small><br></div><div class="spacer battle-history"><br></div><h2 class="battle-history">Turn 26</h2><div class="chat message-error">Mr.E has 285 seconds left.</div><div class="spacer battle-history"><br></div><div class="battle-history">The opposing the wet used <strong>Rapid Spin</strong>!<br></div><div class="battle-history"><small>(Cloysex lost 2% of its health!)</small><br></div><div class="battle-history"><small>The spikes disappeared from the ground around the opposing team!</small><br></div><div class="battle-history"><small>The opposing the wet was hurt by poison!</small><br></div><div class="spacer battle-history"><br></div><div class="battle-history">Cloysex used <strong>Explosion</strong>!<br></div><div class="battle-history"><small>(The opposing the wet lost 82% of its health!)</small><br></div><div class="spacer battle-history"><br></div><div class="battle-history">The opposing the wet fainted!<br></div><div class="battle-history">Cloysex fainted!<br></div><div class="chat message-error">Mr.E has 285 seconds left.</div><div class="spacer battle-history"><br></div><div class="battle-history">coconut teat sent out soapy nipples (<strong>Snorlax</strong>)!<br></div><div class="spacer battle-history"><br></div><div class="battle-history">Go! Sexdos (<strong>Zapdos</strong>)!<br></div><div class="spacer battle-history"><br></div><h2 class="battle-history">Turn 27</h2><div class="chat message-error">Mr.E has 285 seconds left.</div><div class="spacer battle-history"><br></div><div class="battle-history">Sexdos used <strong>Thunder</strong>!<br></div><div class="battle-history"><small>Sexdos's attack missed!</small><br></div><div class="spacer battle-history"><br></div><div class="battle-history">The opposing soapy nipples used <strong>Body Slam</strong>!<br></div><div class="battle-history"><small>(Sexdos lost 31% of its health!)</small><br></div><div class="spacer battle-history"><br></div><div class="battle-history"><small>Sexdos restored a little HP using its Leftovers!</small><br></div><div class="spacer battle-history"><br></div><h2 class="battle-history">Turn 28</h2><div class="chat message-error">Mr.E has 285 seconds left.</div><div class="spacer battle-history"><br></div><div class="battle-history">Sexdos, come back!<br></div><div class="battle-history">Go! Sexgar (<strong>Gengar</strong>)!<br></div><div class="battle-history"><small>Sexgar was hurt by the spikes!</small><br></div><div class="spacer battle-history"><br></div><div class="battle-history">The opposing soapy nipples used <strong>Body Slam</strong>!<br></div><div class="battle-history"><small>It doesn't affect Sexgar...</small><br></div><div class="spacer battle-history"><br></div><div class="battle-history"><small>Sexgar restored a little HP using its Leftovers!</small><br></div><div class="spacer battle-history"><br></div><h2 class="battle-history">Turn 29</h2><div class="chat message-error">Mr.E has 285 seconds left.</div><div class="spacer battle-history"><br></div><div class="battle-history">coconut teat withdrew soapy nipples!<br></div><div class="battle-history">coconut teat sent out PS Vita (<strong>Umbreon</strong>)!<br></div><div class="spacer battle-history"><br></div><div class="battle-history">Sexgar used <strong>Ice Punch</strong>!<br></div><div class="battle-history"><small>(The opposing PS Vita lost 14% of its health!)</small><br></div><div class="battle-history"><small>The opposing PS Vita was frozen solid!</small><br></div><div class="spacer battle-history"><br></div><div class="battle-history"><small>Sexgar restored a little HP using its Leftovers!</small><br></div><div class="battle-history"><small>The opposing PS Vita restored a little HP using its Leftovers!</small><br></div><div class="spacer battle-history"><br></div><h2 class="battle-history">Turn 30</h2><div class="chat chatmessage-coconutteat"><strong style="color:#a252bd"><small>☆</small><span class="username" data-name="coconut teat">coconut teat</span>:</strong> <em>oof</em></div><div class="chat message-error">Mr.E has 285 seconds left.</div><div class="spacer battle-history"><br></div><div class="battle-history">Sexgar used <strong>Thunderbolt</strong>!<br></div><div class="battle-history"><small>(The opposing PS Vita lost 20% of its health!)</small><br></div><div class="spacer battle-history"><br></div><div class="battle-history">The opposing PS Vita is frozen solid!<br></div><div class="spacer battle-history"><br></div><div class="battle-history"><small>The opposing PS Vita restored a little HP using its Leftovers!</small><br></div><div class="spacer battle-history"><br></div><h2 class="battle-history">Turn 31</h2><div class="spacer battle-history"><br></div><div class="battle-history">coconut teat withdrew PS Vita!<br></div><div class="battle-history">coconut teat sent out che-aaahhh (<strong>Raikou</strong>)!<br></div><div class="spacer battle-history"><br></div><div class="battle-history">Sexgar used <strong>Thunderbolt</strong>!<br></div><div class="battle-history"><small>It's not very effective...</small><br></div><div class="battle-history"><small>(The opposing che-aaahhh lost 11% of its health!)</small><br></div><div class="battle-history"><small>The opposing che-aaahhh is paralyzed! It may be unable to move!</small><br></div><div class="spacer battle-history"><br></div><div class="battle-history"><small>The opposing che-aaahhh restored a little HP using its Leftovers!</small><br></div><div class="spacer battle-history"><br></div><h2 class="battle-history">Turn 32</h2><div class="chat message-error">Mr.E has 285 seconds left.</div><div class="chat message-error">Mr.E has 270 seconds left.</div><div class="chat message-error">coconut teat has 285 seconds left.</div><div class="chat message-error">coconut teat has 270 seconds left.</div><div class="chat message-error">coconut teat has 255 seconds left.</div><div class="spacer battle-history"><br></div><div class="battle-history">coconut teat withdrew che-aaahhh!<br></div><div class="battle-history">coconut teat sent out soapy nipples (<strong>Snorlax</strong>)!<br></div><div class="spacer battle-history"><br></div><div class="battle-history">Sexgar used <strong>Ice Punch</strong>!<br></div><div class="battle-history"><small>(The opposing soapy nipples lost 12% of its health!)</small><br></div><div class="spacer battle-history"><br></div><div class="battle-history"><small>The opposing soapy nipples restored a little HP using its Leftovers!</small><br></div><div class="spacer battle-history"><br></div><h2 class="battle-history">Turn 33</h2><div class="chat message-error">Mr.E has 270 seconds left.</div><div class="spacer battle-history"><br></div><div class="battle-history">Sexgar used <strong>Hypnosis</strong>!<br></div><div class="battle-history"><small>The opposing soapy nipples fell asleep!</small><br></div><div class="spacer battle-history"><br></div><div class="battle-history">The opposing soapy nipples is fast asleep.<br></div><div class="spacer battle-history"><br></div><div class="battle-history"><small>The opposing soapy nipples restored a little HP using its Leftovers!</small><br></div><div class="spacer battle-history"><br></div><h2 class="battle-history">Turn 34</h2><div class="spacer battle-history"><br></div><div class="battle-history">Sexgar, come back!<br></div><div class="battle-history">Go! Sexchamp (<strong>Machamp</strong>)!<br></div><div class="battle-history"><small>Sexchamp was hurt by the spikes!</small><br></div><div class="spacer battle-history"><br></div><div class="battle-history">The opposing soapy nipples is fast asleep.<br></div><div class="spacer battle-history"><br></div><div class="battle-history"><small>Sexchamp restored a little HP using its Leftovers!</small><br></div><div class="spacer battle-history"><br></div><h2 class="battle-history">Turn 35</h2><div class="chat message-error">Mr.E has 270 seconds left.</div><div class="spacer battle-history"><br></div><div class="battle-history">coconut teat withdrew soapy nipples!<br></div><div class="battle-history">coconut teat sent out Lazy Days Inn (<strong>Skarmory</strong>)!<br></div><div class="spacer battle-history"><br></div><div class="battle-history">Sexchamp used <strong>Curse</strong>!<br></div><div class="battle-history"><small>Sexchamp's Speed fell!</small><br></div><div class="battle-history"><small>Sexchamp's Attack rose!</small><br></div><div class="battle-history"><small>Sexchamp's Defense rose!</small><br></div><div class="spacer battle-history"><br></div><div class="battle-history"><small>Sexchamp restored a little HP using its Leftovers!</small><br></div><div class="spacer battle-history"><br></div><h2 class="battle-history">Turn 36</h2><div class="spacer battle-history"><br></div><div class="battle-history">The opposing Lazy Days Inn used <strong>Curse</strong>!<br></div><div class="battle-history"><small>The opposing Lazy Days Inn's Speed fell!</small><br></div><div class="battle-history"><small>The opposing Lazy Days Inn's Attack rose!</small><br></div><div class="battle-history"><small>The opposing Lazy Days Inn's Defense rose!</small><br></div><div class="spacer battle-history"><br></div><div class="battle-history">Sexchamp used <strong>Cross Chop</strong>!<br></div><div class="battle-history"><small>(The opposing Lazy Days Inn lost 33% of its health!)</small><br></div><div class="spacer battle-history"><br></div><div class="battle-history"><small>The opposing Lazy Days Inn restored a little HP using its Leftovers!</small><br></div><div class="battle-history"><small>Sexchamp restored a little HP using its Leftovers!</small><br></div><div class="spacer battle-history"><br></div><h2 class="battle-history">Turn 37</h2><div class="chat message-error">Mr.E has 270 seconds left.</div><div class="spacer battle-history"><br></div><div class="battle-history">The opposing Lazy Days Inn used <strong>Drill Peck</strong>!<br></div><div class="battle-history"><small>It's super effective!</small><br></div><div class="battle-history"><small>(Sexchamp lost 45% of its health!)</small><br></div><div class="spacer battle-history"><br></div><div class="battle-history">Sexchamp used <strong>Cross Chop</strong>!<br></div><div class="battle-history"><small>(The opposing Lazy Days Inn lost 35% of its health!)</small><br></div><div class="spacer battle-history"><br></div><div class="battle-history"><small>The opposing Lazy Days Inn restored a little HP using its Leftovers!</small><br></div><div class="battle-history"><small>Sexchamp restored a little HP using its Leftovers!</small><br></div><div class="spacer battle-history"><br></div><h2 class="battle-history">Turn 38</h2><div class="spacer battle-history"><br></div><div class="battle-history">Sexchamp, come back!<br></div><div class="battle-history">Go! Sexdos (<strong>Zapdos</strong>)!<br></div><div class="spacer battle-history"><br></div><div class="battle-history">The opposing Lazy Days Inn used <strong>Drill Peck</strong>!<br></div><div class="battle-history"><small>It's not very effective...</small><br></div><div class="battle-history"><small>(Sexdos lost 17% of its health!)</small><br></div><div class="spacer battle-history"><br></div><div class="battle-history"><small>Sexdos restored a little HP using its Leftovers!</small><br></div><div class="battle-history"><small>The opposing Lazy Days Inn restored a little HP using its Leftovers!</small><br></div><div class="spacer battle-history"><br></div><h2 class="battle-history">Turn 39</h2><div class="spacer battle-history"><br></div><div class="battle-history">Sexdos, come back!<br></div><div class="battle-history">Go! uber (<strong>Snorlax</strong>)!<br></div><div class="battle-history"><small>uber was hurt by the spikes!</small><br></div><div class="spacer battle-history"><br></div><div class="battle-history">coconut teat withdrew Lazy Days Inn!<br></div><div class="battle-history">coconut teat sent out che-aaahhh (<strong>Raikou</strong>)!<br></div><div class="spacer battle-history"><br></div><div class="battle-history"><small>uber restored a little HP using its Leftovers!</small><br></div><div class="battle-history"><small>The opposing che-aaahhh restored a little HP using its Leftovers!</small><br></div><div class="spacer battle-history"><br></div><h2 class="battle-history">Turn 40</h2><div class="chat message-error">Mr.E has 255 seconds left.</div><div class="spacer battle-history"><br></div><div class="battle-history"><small>uber woke up!</small><br></div><div class="spacer battle-history"><br></div><div class="battle-history">uber used <strong>Curse</strong>!<br></div><div class="battle-history"><small>uber's Speed fell!</small><br></div><div class="battle-history"><small>uber's Attack rose!</small><br></div><div class="battle-history"><small>uber's Defense rose!</small><br></div><div class="spacer battle-history"><br></div><div class="battle-history">The opposing che-aaahhh used <strong>Reflect</strong>!<br></div><div class="battle-history"><small>Reflect made the opposing team stronger against physical moves!</small><br></div><div class="spacer battle-history"><br></div><div class="battle-history"><small>uber restored a little HP using its Leftovers!</small><br></div><div class="spacer battle-history"><br></div><h2 class="battle-history">Turn 41</h2><div class="spacer battle-history"><br></div><div class="battle-history">coconut teat withdrew che-aaahhh!<br></div><div class="battle-history">coconut teat sent out Lazy Days Inn (<strong>Skarmory</strong>)!<br></div><div class="spacer battle-history"><br></div><div class="battle-history">uber used <strong>Body Slam</strong>!<br></div><div class="battle-history"><small>It's not very effective...</small><br></div><div class="battle-history"><small>(The opposing Lazy Days Inn lost 9% of its health!)</small><br></div><div class="battle-history"><small>The opposing Lazy Days Inn is paralyzed! It may be unable to move!</small><br></div><div class="spacer battle-history"><br></div><div class="battle-history"><small>uber restored a little HP using its Leftovers!</small><br></div><div class="battle-history"><small>The opposing Lazy Days Inn restored a little HP using its Leftovers!</small><br></div><div class="spacer battle-history"><br></div><h2 class="battle-history">Turn 42</h2><div class="chat message-error">Mr.E has 255 seconds left.</div><div class="chat chatmessage-mre"><strong style="color:#bf18a0"><small>☆</small><span class="username" data-name="Mr.E">Mr.E</span>:</strong> <em>DON'T CURSE BEHIND REFLECT NIGGA</em></div><div class="spacer battle-history"><br></div><div class="battle-history">coconut teat withdrew Lazy Days Inn!<br></div><div class="battle-history">coconut teat sent out PS Vita (<strong>Umbreon</strong>)!<br></div><div class="spacer battle-history"><br></div><div class="battle-history">uber used <strong>Fire Blast</strong>!<br></div><div class="battle-history"><small>A critical hit!</small><br></div><div class="battle-history"><small>(The opposing PS Vita lost 30% of its health!)</small><br></div><div class="battle-history"><small>The opposing PS Vita thawed out!</small><br></div><div class="spacer battle-history"><br></div><div class="battle-history"><small>The opposing PS Vita restored a little HP using its Leftovers!</small><br></div><div class="spacer battle-history"><br></div><h2 class="battle-history">Turn 43</h2><div class="chat chatmessage-coconutteat"><strong style="color:#a252bd"><small>☆</small><span class="username" data-name="coconut teat">coconut teat</span>:</strong> <em>ik nigga</em></div><div class="chat chatmessage-mre"><strong style="color:#bf18a0"><small>☆</small><span class="username" data-name="Mr.E">Mr.E</span>:</strong> <em>well played</em></div><div class="chat chatmessage-coconutteat"><strong style="color:#a252bd"><small>☆</small><span class="username" data-name="coconut teat">coconut teat</span>:</strong> <em>thanks</em></div><div class="chat message-error">Mr.E has 255 seconds left.</div><div class="chat message-error">coconut teat has 285 seconds left.</div><div class="spacer battle-history"><br></div><div class="battle-history">The opposing PS Vita used <strong>Rest</strong>!<br></div><div class="battle-history"><small>The opposing PS Vita fell asleep!</small><br></div><div class="battle-history"><small>The opposing PS Vita slept and became healthy!</small><br></div><div class="spacer battle-history"><br></div><div class="battle-history">uber used <strong>Body Slam</strong>!<br></div><div class="battle-history"><small>(The opposing PS Vita lost 18% of its health!)</small><br></div><div class="spacer battle-history"><br></div><div class="battle-history"><small>The opposing PS Vita restored a little HP using its Leftovers!</small><br></div><div class="spacer battle-history"><br></div><h2 class="battle-history">Turn 44</h2><div class="chat message-error">Mr.E has 255 seconds left.</div><div class="spacer battle-history"><br></div><div class="battle-history">The opposing PS Vita is fast asleep.<br></div><div class="spacer battle-history"><br></div><div class="battle-history">The opposing PS Vita used <strong>Sleep Talk</strong>!<br></div><div class="spacer battle-history"><br></div><div class="battle-history">The opposing PS Vita used <strong>Charm</strong>!<br></div><div class="battle-history"><small>uber's Attack fell harshly!</small><br></div><div class="spacer battle-history"><br></div><div class="battle-history">uber used <strong>Curse</strong>!<br></div><div class="battle-history"><small>uber's Speed fell!</small><br></div><div class="battle-history"><small>uber's Attack rose!</small><br></div><div class="battle-history"><small>uber's Defense rose!</small><br></div><div class="spacer battle-history"><br></div><div class="battle-history"><small>The opposing PS Vita restored a little HP using its Leftovers!</small><br></div><div class="battle-history"><small>The opposing team's Reflect wore off!</small><br></div><div class="spacer battle-history"><br></div><h2 class="battle-history">Turn 45</h2><div class="chat message-error">Mr.E has 240 seconds left.</div><div class="chat message-error">coconut teat has 285 seconds left.</div><div class="spacer battle-history"><br></div><div class="battle-history">The opposing PS Vita is fast asleep.<br></div><div class="spacer battle-history"><br></div><div class="battle-history">uber used <strong>Curse</strong>!<br></div><div class="battle-history"><small>uber's Speed fell!</small><br></div><div class="battle-history"><small>uber's Attack rose!</small><br></div><div class="battle-history"><small>uber's Defense rose!</small><br></div><div class="spacer battle-history"><br></div><div class="battle-history"><small>The opposing PS Vita restored a little HP using its Leftovers!</small><br></div><div class="spacer battle-history"><br></div><h2 class="battle-history">Turn 46</h2><div class="spacer battle-history"><br></div><div class="battle-history"><small>The opposing PS Vita woke up!</small><br></div><div class="spacer battle-history"><br></div><div class="battle-history">The opposing PS Vita used <strong>Charm</strong>!<br></div><div class="battle-history"><small>uber's Attack fell harshly!</small><br></div><div class="spacer battle-history"><br></div><div class="battle-history">uber used <strong>Body Slam</strong>!<br></div><div class="battle-history"><small>(The opposing PS Vita lost 18% of its health!)</small><br></div><div class="spacer battle-history"><br></div><div class="battle-history"><small>The opposing PS Vita restored a little HP using its Leftovers!</small><br></div><div class="spacer battle-history"><br></div><h2 class="battle-history">Turn 47</h2><div class="spacer battle-history"><br></div><div class="battle-history">The opposing PS Vita used <strong>Charm</strong>!<br></div><div class="battle-history"><small>uber's Attack fell harshly!</small><br></div><div class="spacer battle-history"><br></div><div class="battle-history">uber used <strong>Body Slam</strong>!<br></div><div class="battle-history"><small>(The opposing PS Vita lost 10% of its health!)</small><br></div><div class="battle-history"><small>The opposing PS Vita is paralyzed! It may be unable to move!</small><br></div><div class="spacer battle-history"><br></div><div class="battle-history"><small>The opposing PS Vita restored a little HP using its Leftovers!</small><br></div><div class="spacer battle-history"><br></div><h2 class="battle-history">Turn 48</h2><div class="chat message-error">coconut teat has 285 seconds left.</div><div class="spacer battle-history"><br></div><div class="battle-history">uber, come back!<br></div><div class="battle-history">Go! Sexdos (<strong>Zapdos</strong>)!<br></div><div class="spacer battle-history"><br></div><div class="battle-history">coconut teat withdrew PS Vita!<br></div><div class="battle-history">coconut teat sent out Lazy Days Inn (<strong>Skarmory</strong>)!<br></div><div class="spacer battle-history"><br></div><div class="battle-history"><small>Sexdos restored a little HP using its Leftovers!</small><br></div><div class="battle-history"><small>The opposing Lazy Days Inn restored a little HP using its Leftovers!</small><br></div><div class="spacer battle-history"><br></div><h2 class="battle-history">Turn 49</h2><div class="chat message-error">Mr.E has 240 seconds left.</div><div class="chat message-error">coconut teat has 285 seconds left.</div><div class="chat chatmessage-coconutteat"><strong style="color:#a252bd"><small>☆</small><span class="username" data-name="coconut teat">coconut teat</span>:</strong> <em>in</em></div><div class="chat message-error">coconut teat has 270 seconds left.</div><div class="spacer battle-history"><br></div><div class="battle-history">Sexdos, come back!<br></div><div class="battle-history">Go! Sexlix (<strong>Steelix</strong>)!<br></div><div class="battle-history"><small>Sexlix was hurt by the spikes!</small><br></div><div class="spacer battle-history"><br></div><div class="battle-history">coconut teat withdrew Lazy Days Inn!<br></div><div class="battle-history">coconut teat sent out che-aaahhh (<strong>Raikou</strong>)!<br></div><div class="spacer battle-history"><br></div><div class="battle-history"><small>Sexlix restored a little HP using its Leftovers!</small><br></div><div class="spacer battle-history"><br></div><h2 class="battle-history">Turn 50</h2><div class="spacer battle-history"><br></div><div class="battle-history">coconut teat withdrew che-aaahhh!<br></div><div class="battle-history">coconut teat sent out Lazy Days Inn (<strong>Skarmory</strong>)!<br></div><div class="spacer battle-history"><br></div><div class="battle-history">Sexlix used <strong>Curse</strong>!<br></div><div class="battle-history"><small>Sexlix's Speed fell!</small><br></div><div class="battle-history"><small>Sexlix's Attack rose!</small><br></div><div class="battle-history"><small>Sexlix's Defense rose!</small><br></div><div class="spacer battle-history"><br></div><div class="battle-history"><small>Sexlix restored a little HP using its Leftovers!</small><br></div><div class="battle-history"><small>The opposing Lazy Days Inn restored a little HP using its Leftovers!</small><br></div><div class="spacer battle-history"><br></div><h2 class="battle-history">Turn 51</h2><div class="chat message-error">coconut teat has 285 seconds left.</div><div class="chat message-error">coconut teat has 270 seconds left.</div><div class="spacer battle-history"><br></div><div class="battle-history">Sexlix used <strong>Rock Slide</strong>!<br></div><div class="battle-history"><small>(The opposing Lazy Days Inn lost 21% of its health!)</small><br></div><div class="spacer battle-history"><br></div><div class="battle-history">The opposing Lazy Days Inn is paralyzed! It can't move!<br></div><div class="spacer battle-history"><br></div><div class="battle-history"><small>Sexlix restored a little HP using its Leftovers!</small><br></div><div class="battle-history"><small>The opposing Lazy Days Inn restored a little HP using its Leftovers!</small><br></div><div class="spacer battle-history"><br></div><h2 class="battle-history">Turn 52</h2><div class="chat message-error">Mr.E has 240 seconds left.</div><div class="spacer battle-history"><br></div><div class="battle-history">Sexlix used <strong>Rock Slide</strong>!<br></div><div class="battle-history"><small>(The opposing Lazy Days Inn lost 20% of its health!)</small><br></div><div class="spacer battle-history"><br></div><div class="battle-history">The opposing Lazy Days Inn used <strong>Rest</strong>!<br></div><div class="battle-history"><small>The opposing Lazy Days Inn fell asleep!</small><br></div><div class="battle-history"><small>The opposing Lazy Days Inn slept and became healthy!</small><br></div><div class="spacer battle-history"><br></div><h2 class="battle-history">Turn 53</h2><div class="chat message-error">Mr.E has 240 seconds left.</div><div class="spacer battle-history"><br></div><div class="battle-history">coconut teat withdrew Lazy Days Inn!<br></div><div class="battle-history">coconut teat sent out PS Vita (<strong>Umbreon</strong>)!<br></div><div class="spacer battle-history"><br></div><div class="battle-history">Sexlix used <strong>Curse</strong>!<br></div><div class="battle-history"><small>Sexlix's Speed fell!</small><br></div><div class="battle-history"><small>Sexlix's Attack rose!</small><br></div><div class="battle-history"><small>Sexlix's Defense rose!</small><br></div><div class="spacer battle-history"><br></div><div class="battle-history"><small>The opposing PS Vita restored a little HP using its Leftovers!</small><br></div><div class="spacer battle-history"><br></div><h2 class="battle-history">Turn 54</h2><div class="spacer battle-history"><br></div><div class="battle-history">Sexlix used <strong>Earthquake</strong>!<br></div><div class="battle-history"><small>(The opposing PS Vita lost 53% of its health!)</small><br></div><div class="spacer battle-history"><br></div><div class="battle-history">The opposing PS Vita used <strong>Charm</strong>!<br></div><div class="battle-history"><small>Sexlix's Attack fell harshly!</small><br></div><div class="spacer battle-history"><br></div><div class="battle-history"><small>The opposing PS Vita restored a little HP using its Leftovers!</small><br></div><div class="spacer battle-history"><br></div><h2 class="battle-history">Turn 55</h2><div class="chat message-error">Mr.E has 240 seconds left.</div><div class="spacer battle-history"><br></div><div class="battle-history">Sexlix used <strong>Earthquake</strong>!<br></div><div class="battle-history"><small>A critical hit!</small><br></div><div class="battle-history"><small>(The opposing PS Vita lost 45% of its health!)</small><br></div><div class="spacer battle-history"><br></div><div class="battle-history">The opposing PS Vita fainted!<br></div><div class="chat chatmessage-coconutteat"><strong style="color:#a252bd"><small>☆</small><span class="username" data-name="coconut teat">coconut teat</span>:</strong> <em>weretwhretyrthsgeaewaethsry</em></div><div class="spacer battle-history"><br></div><div class="battle-history">coconut teat sent out Lazy Days Inn (<strong>Skarmory</strong>)!<br></div><div class="spacer battle-history"><br></div><h2 class="battle-history">Turn 56</h2><div class="chat message-error">Mr.E has 255 seconds left.</div><div class="chat message-error">Mr.E has 240 seconds left.</div><div class="spacer battle-history"><br></div><div class="battle-history">Sexlix, come back!<br></div><div class="battle-history">Go! Sexdos (<strong>Zapdos</strong>)!<br></div><div class="spacer battle-history"><br></div><div class="battle-history">The opposing Lazy Days Inn is fast asleep.<br></div><div class="spacer battle-history"><br></div><div class="battle-history"><small>Sexdos restored a little HP using its Leftovers!</small><br></div><div class="spacer battle-history"><br></div><h2 class="battle-history">Turn 57</h2><div class="spacer battle-history"><br></div><div class="battle-history">coconut teat withdrew Lazy Days Inn!<br></div><div class="battle-history">coconut teat sent out soapy nipples (<strong>Snorlax</strong>)!<br></div><div class="spacer battle-history"><br></div><div class="battle-history">Sexdos used <strong>Thunder</strong>!<br></div><div class="battle-history"><small>(The opposing soapy nipples lost 29% of its health!)</small><br></div><div class="spacer battle-history"><br></div><div class="battle-history"><small>Sexdos restored a little HP using its Leftovers!</small><br></div><div class="battle-history"><small>The opposing soapy nipples restored a little HP using its Leftovers!</small><br></div><div class="spacer battle-history"><br></div><h2 class="battle-history">Turn 58</h2><div class="spacer battle-history"><br></div><div class="battle-history">Sexdos, come back!<br></div><div class="battle-history">Go! Sexchamp (<strong>Machamp</strong>)!<br></div><div class="battle-history"><small>Sexchamp was hurt by the spikes!</small><br></div><div class="spacer battle-history"><br></div><div class="battle-history">The opposing soapy nipples is fast asleep.<br></div><div class="spacer battle-history"><br></div><div class="battle-history"><small>Sexchamp restored a little HP using its Leftovers!</small><br></div><div class="battle-history"><small>The opposing soapy nipples restored a little HP using its Leftovers!</small><br></div><div class="spacer battle-history"><br></div><h2 class="battle-history">Turn 59</h2><div class="spacer battle-history"><br></div><div class="battle-history">Sexchamp used <strong>Curse</strong>!<br></div><div class="battle-history"><small>Sexchamp's Speed fell!</small><br></div><div class="battle-history"><small>Sexchamp's Attack rose!</small><br></div><div class="battle-history"><small>Sexchamp's Defense rose!</small><br></div><div class="spacer battle-history"><br></div><div class="battle-history">The opposing soapy nipples is fast asleep.<br></div><div class="spacer battle-history"><br></div><div class="battle-history"><small>The opposing soapy nipples restored a little HP using its Leftovers!</small><br></div><div class="battle-history"><small>Sexchamp restored a little HP using its Leftovers!</small><br></div><div class="spacer battle-history"><br></div><h2 class="battle-history">Turn 60</h2><div class="chat message-error">Mr.E has 255 seconds left.</div><div class="spacer battle-history"><br></div><div class="battle-history">coconut teat withdrew soapy nipples!<br></div><div class="battle-history">coconut teat sent out Lazy Days Inn (<strong>Skarmory</strong>)!<br></div><div class="spacer battle-history"><br></div><div class="battle-history">Sexchamp used <strong>Cross Chop</strong>!<br></div><div class="battle-history"><small>(The opposing Lazy Days Inn lost 51% of its health!)</small><br></div><div class="spacer battle-history"><br></div><div class="battle-history"><small>The opposing Lazy Days Inn restored a little HP using its Leftovers!</small><br></div><div class="battle-history"><small>Sexchamp restored a little HP using its Leftovers!</small><br></div><div class="spacer battle-history"><br></div><h2 class="battle-history">Turn 61</h2><div class="spacer battle-history"><br></div><div class="battle-history">The opposing Lazy Days Inn is fast asleep.<br></div><div class="spacer battle-history"><br></div><div class="battle-history">Sexchamp used <strong>Cross Chop</strong>!<br></div><div class="battle-history"><small>A critical hit!</small><br></div><div class="battle-history"><small>(The opposing Lazy Days Inn lost 55% of its health!)</small><br></div><div class="spacer battle-history"><br></div><div class="battle-history">The opposing Lazy Days Inn fainted!<br></div><div class="spacer battle-history"><br></div><div class="battle-history">coconut teat sent out Marley Nightbug (<strong>Forretress</strong>)!<br></div><div class="spacer battle-history"><br></div><div class="battle-history"><small>The opposing Marley Nightbug restored a little HP using its Leftovers!</small><br></div><div class="battle-history"><small>Sexchamp restored a little HP using its Leftovers!</small><br></div><div class="spacer battle-history"><br></div><h2 class="battle-history">Turn 62</h2><div class="chat message-error">Mr.E has 270 seconds left.</div><div class="spacer battle-history"><br></div><div class="battle-history">Sexchamp, come back!<br></div><div class="battle-history">Go! Sexgar (<strong>Gengar</strong>)!<br></div><div class="battle-history"><small>Sexgar was hurt by the spikes!</small><br></div><div class="spacer battle-history"><br></div><div class="battle-history">The opposing Marley Nightbug used <strong>Explosion</strong>!<br></div><div class="battle-history"><small>It doesn't affect Sexgar...</small><br></div><div class="spacer battle-history"><br></div><div class="battle-history">The opposing Marley Nightbug fainted!<br></div><div class="spacer battle-history"><br></div><div class="battle-history">coconut teat sent out che-aaahhh (<strong>Raikou</strong>)!<br></div><div class="spacer battle-history"><br></div><div class="battle-history"><small>Sexgar restored a little HP using its Leftovers!</small><br></div><div class="spacer battle-history"><br></div><h2 class="battle-history">Turn 63</h2><div class="chat message-error">Mr.E has 285 seconds left.</div><div class="spacer battle-history"><br></div><div class="battle-history">Sexgar used <strong>Explosion</strong>!<br></div><div class="battle-history"><small>(The opposing che-aaahhh lost 91% of its health!)</small><br></div><div class="spacer battle-history"><br></div><div class="battle-history">Sexgar fainted!<br></div><div class="spacer battle-history"><br></div><div class="battle-history">Go! Sexchamp (<strong>Machamp</strong>)!<br></div><div class="battle-history"><small>Sexchamp was hurt by the spikes!</small><br></div><div class="spacer battle-history"><br></div><div class="battle-history"><small>Sexchamp restored a little HP using its Leftovers!</small><br></div><div class="battle-history"><small>The opposing che-aaahhh restored a little HP using its Leftovers!</small><br></div><div class="spacer battle-history"><br></div><h2 class="battle-history">Turn 64</h2><div class="spacer battle-history"><br></div><div class="battle-history">Sexchamp used <strong>Earthquake</strong>!<br></div><div class="battle-history"><small>It's super effective!</small><br></div><div class="battle-history"><small>(The opposing che-aaahhh lost 15% of its health!)</small><br></div><div class="spacer battle-history"><br></div><div class="battle-history">The opposing che-aaahhh fainted!<br></div><div class="spacer battle-history"><br></div><div class="battle-history">coconut teat sent out soapy nipples (<strong>Snorlax</strong>)!<br></div><div class="spacer battle-history"><br></div><div class="battle-history"><small>Sexchamp restored a little HP using its Leftovers!</small><br></div><div class="battle-history"><small>The opposing soapy nipples restored a little HP using its Leftovers!</small><br></div><div class="spacer battle-history"><br></div><h2 class="battle-history">Turn 65</h2><div class="spacer battle-history"><br></div><div class="battle-history">Sexchamp used <strong>Cross Chop</strong>!<br></div><div class="battle-history"><small>It's super effective!</small><br></div><div class="battle-history"><small>(The opposing soapy nipples lost 75% of its health!)</small><br></div><div class="spacer battle-history"><br></div><div class="battle-history">The opposing soapy nipples is fast asleep.<br></div><div class="spacer battle-history"><br></div><div class="battle-history"><small>Sexchamp restored a little HP using its Leftovers!</small><br></div><div class="battle-history"><small>The opposing soapy nipples restored a little HP using its Leftovers!</small><br></div><div class="spacer battle-history"><br></div><h2 class="battle-history">Turn 66</h2><div class="spacer battle-history"><br></div><div class="battle-history">Sexchamp used <strong>Earthquake</strong>!<br></div><div class="battle-history"><small>(The opposing soapy nipples lost 24% of its health!)</small><br></div><div class="spacer battle-history"><br></div><div class="battle-history">The opposing soapy nipples is fast asleep.<br></div><div class="spacer battle-history"><br></div><div class="battle-history"><small>Sexchamp restored a little HP using its Leftovers!</small><br></div><div class="battle-history"><small>The opposing soapy nipples restored a little HP using its Leftovers!</small><br></div><div class="spacer battle-history"><br></div><h2 class="battle-history">Turn 67</h2><div class="chat chatmessage-coconutteat"><strong style="color:#a252bd"><small>☆</small><span class="username" data-name="coconut teat">coconut teat</span>:</strong> <em>max sleep too :(</em></div><div class="spacer battle-history"><br></div><div class="battle-history">Sexchamp used <strong>Earthquake</strong>!<br></div><div class="battle-history"><small>(The opposing soapy nipples lost 9% of its health!)</small><br></div><div class="spacer battle-history"><br></div><div class="battle-history">The opposing soapy nipples fainted!<br></div><div class="spacer battle-history"><br></div><div class="battle-history"><strong>Mr.E</strong> won the battle!<br></div><div class="chat chatmessage-mre"><strong style="color:#bf18a0"><small>☆</small><span class="username" data-name="Mr.E">Mr.E</span>:</strong> <em>sry mang</em></div></div><div class="inner-preempt"></div></div></div>
</div>
<script>
let daily = Math.floor(Date.now()/1000/60/60/24);document.write('<script src="https://play.pokemonshowdown.com/js/replay-embed.js?version'+daily+'"></'+'script>');
</script>
