<!DOCTYPE html>
<meta charset="utf-8" />
<!-- version 1 -->
<title>[Gen 2] OU replay: Pleasure vs. Tiba</title>
<style>
html,body {font-family:Verdana, sans-serif;font-size:10pt;margin:0;padding:0;}body{padding:12px 0;} .battle-log {font-family:Verdana, sans-serif;font-size:10pt;} .battle-log-inline {border:1px solid #AAAAAA;background:#EEF2F5;color:black;max-width:640px;margin:0 auto 80px;padding-bottom:5px;} .battle-log .inner {padding:4px 8px 0px 8px;} .battle-log .inner-preempt {padding:0 8px 4px 8px;} .battle-log .inner-after {margin-top:0.5em;} .battle-log h2 {margin:0.5em -8px;padding:4px 8px;border:1px solid #AAAAAA;background:#E0E7EA;border-left:0;border-right:0;font-family:Verdana, sans-serif;font-size:13pt;} .battle-log .chat {vertical-align:middle;padding:3px 0 3px 0;font-size:8pt;} .battle-log .chat strong {color:#40576A;} .battle-log .chat em {padding:1px 4px 1px 3px;color:#000000;font-style:normal;} .chat.mine {background:rgba(0,0,0,0.05);margin-left:-8px;margin-right:-8px;padding-left:8px;padding-right:8px;} .spoiler {color:#BBBBBB;background:#BBBBBB;padding:0px 3px;} .spoiler:hover, .spoiler:active, .spoiler-shown {color:#000000;background:#E2E2E2;padding:0px 3px;} .spoiler a {color:#BBBBBB;} .spoiler:hover a, .spoiler:active a, .spoiler-shown a {color:#2288CC;} .chat code, .chat .spoiler:hover code, .chat .spoiler:active code, .chat .spoiler-shown code {border:1px solid #C0C0C0;background:#EEEEEE;color:black;padding:0 2px;} .chat .spoiler code {border:1px solid #CCCCCC;background:#CCCCCC;color:#CCCCCC;} .battle-log .rated {padding:3px 4px;} .battle-log .rated strong {color:white;background:#89A;padding:1px 4px;border-radius:4px;} .spacer {margin-top:0.5em;} .message-announce {background:#6688AA;color:white;padding:1px 4px 2px;} .message-announce a, .broadcast-green a, .broadcast-blue a, .broadcast-red a {color:#DDEEFF;} .broadcast-green {background-color:#559955;color:white;padding:2px 4px;} .broadcast-blue {background-color:#6688AA;color:white;padding:2px 4px;} .infobox {border:1px solid #6688AA;padding:2px 4px;} .infobox-limited {max-height:200px;overflow:auto;overflow-x:hidden;} .broadcast-red {background-color:#AA5544;color:white;padding:2px 4px;} .message-learn-canlearn {font-weight:bold;color:#228822;text-decoration:underline;} .message-learn-cannotlearn {font-weight:bold;color:#CC2222;text-decoration:underline;} .message-effect-weak {font-weight:bold;color:#CC2222;} .message-effect-resist {font-weight:bold;color:#6688AA;} .message-effect-immune {font-weight:bold;color:#666666;} .message-learn-list {margin-top:0;margin-bottom:0;} .message-throttle-notice, .message-error {color:#992222;} .message-overflow, .chat small.message-overflow {font-size:0pt;} .message-overflow::before {font-size:9pt;content:'...';} .subtle {color:#3A4A66;}
</style>
<div class="wrapper replay-wrapper" style="max-width:1180px;margin:0 auto">
<input type="hidden" name="replayid" value="smogtours-gen2ou-357478" />
<div class="battle"></div><div class="battle-log"></div><div class="replay-controls"></div><div class="replay-controls-2"></div>
<h1 style="font-weight:normal;text-align:center"><strong>[Gen 2] OU</strong><br /><a href="http://pokemonshowdown.com/users/pleasure" class="subtle" target="_blank">Pleasure</a> vs. <a href="http://pokemonshowdown.com/users/tiba" class="subtle" target="_blank">Tiba</a></h1>
<script type="text/plain" class="battle-log-data">|inactive|Battle timer is ON: inactive players will automatically lose when time's up.
|player|p1|Pleasure|266
|player|p2|Tiba|1
|teamsize|p1|6
|teamsize|p2|6
|gametype|singles
|gen|2
|tier|[Gen 2] OU
|rule|Sleep Clause Mod: Limit one foe put to sleep
|rule|Freeze Clause Mod: Limit one foe frozen
|rule|Species Clause: Limit one of each Pokémon
|rule|OHKO Clause: OHKO moves are banned
|rule|Evasion Moves Clause: Evasion moves are banned
|rule|HP Percentage Mod: HP is shown in percentages
|
|start
|switch|p1a: Jynx|Jynx, F|100\/100
|switch|p2a: Forretress|Forretress, M|100\/100
|turn|1
|raw|<div class="broadcast-red"><strong>Moderated chat was set to ☆!<\/strong><br \/>Only users of rank ☆ and higher can talk.<\/div>
|inactive|Tiba has 285 seconds left.
|
|switch|p2a: Raikou|Raikou|100\/100
|move|p1a: Jynx|Thief|p2a: Raikou
|-damage|p2a: Raikou|91\/100
|-item|p1a: Jynx|Leftovers|[from] move: Thief|[of] p2a: Raikou
|
|upkeep
|turn|2
|c|☆Pleasure|@abr
|c|☆Pleasure|can u stop timer
|c|☆Pleasure|if tibas gets low
|c|☆Pleasure|thx
|inactive|Pleasure has 285 seconds left.
|c|&ABR|im watchin.
|c|☆Tiba|ill let him know if I need
|inactive|Pleasure has 270 seconds left.
|
|switch|p1a: Steelix|Steelix, M|100\/100
|move|p2a: Raikou|Thunder|p1a: Steelix
|-immune|p1a: Steelix|[msg]
|
|upkeep
|turn|3
|inactive|Pleasure has 285 seconds left.
|
|switch|p2a: Forretress|Forretress, M|100\/100
|move|p1a: Steelix|Roar|p2a: Forretress
|drag|p2a: Misdreavus|Misdreavus, F|100\/100
|
|upkeep
|turn|4
|inactive|Pleasure has 285 seconds left.
|
|switch|p2a: Forretress|Forretress, M|100\/100
|switch|p1a: Jynx|Jynx, F|100\/100
|
|upkeep
|turn|5
|inactive|Pleasure has 285 seconds left.
|
|switch|p2a: Raikou|Raikou|91\/100
|move|p1a: Jynx|Lovely Kiss|p2a: Raikou|[miss]
|-miss|p1a: Jynx
|
|upkeep
|turn|6
|
|switch|p2a: Forretress|Forretress, M|100\/100
|switch|p1a: Steelix|Steelix, M|100\/100
|
|upkeep
|turn|7
|
|switch|p1a: Cloyster|Cloyster, M|100\/100
|move|p2a: Forretress|Spikes|p1a: Cloyster
|-sidestart|p1: Pleasure|Spikes
|
|upkeep
|turn|8
|
|move|p1a: Cloyster|Spikes|p2a: Forretress
|-sidestart|p2: Tiba|Spikes
|move|p2a: Forretress|Toxic|p1a: Cloyster
|-status|p1a: Cloyster|tox
|
|upkeep
|turn|9
|
|switch|p1a: Gengar|Gengar, M|100\/100
|-damage|p1a: Gengar|88\/100|[from] Spikes
|move|p2a: Forretress|Rapid Spin|p1a: Gengar
|-immune|p1a: Gengar|[msg]
|
|-heal|p1a: Gengar|94\/100|[from] item: Leftovers
|upkeep
|turn|10
|inactive|Pleasure has 285 seconds left.
|inactive|Tiba has 285 seconds left.
|
|switch|p1a: Jynx|Jynx, F|100\/100
|-damage|p1a: Jynx|88\/100|[from] Spikes
|switch|p2a: Raikou|Raikou|91\/100
|-damage|p2a: Raikou|79\/100|[from] Spikes
|
|-heal|p1a: Jynx|94\/100|[from] item: Leftovers
|upkeep
|turn|11
|
|move|p2a: Raikou|Thunder|p1a: Jynx
|-damage|p1a: Jynx|49\/100
|move|p1a: Jynx|Lovely Kiss|p2a: Raikou
|-status|p2a: Raikou|slp
|
|-heal|p1a: Jynx|55\/100|[from] item: Leftovers
|upkeep
|turn|12
|
|switch|p2a: Terror|Tyranitar, M|100\/100
|-damage|p2a: Terror|88\/100|[from] Spikes
|move|p1a: Jynx|Psychic|p2a: Terror
|-immune|p2a: Terror|[msg]
|
|-heal|p1a: Jynx|61\/100|[from] item: Leftovers
|-heal|p2a: Terror|94\/100|[from] item: Leftovers
|upkeep
|turn|13
|
|move|p1a: Jynx|Ice Beam|p2a: Terror
|-damage|p2a: Terror|63\/100
|move|p2a: Terror|Crunch|p1a: Jynx
|-supereffective|p1a: Jynx
|-damage|p1a: Jynx|4\/100
|
|-heal|p1a: Jynx|10\/100|[from] item: Leftovers
|-heal|p2a: Terror|69\/100|[from] item: Leftovers
|upkeep
|turn|14
|
|move|p1a: Jynx|Ice Beam|p2a: Terror
|-damage|p2a: Terror|38\/100
|move|p2a: Terror|Crunch|p1a: Jynx
|-supereffective|p1a: Jynx
|-damage|p1a: Jynx|0 fnt
|faint|p1a: Jynx
|
|switch|p1a: Cloyster|Cloyster, M|100\/100 tox
|-status|p1a: Cloyster|psn
|-damage|p1a: Cloyster|88\/100 psn|[from] Spikes
|
|-heal|p1a: Cloyster|94\/100 psn|[from] item: Leftovers
|-heal|p2a: Terror|45\/100|[from] item: Leftovers
|upkeep
|turn|15
|inactive|Tiba has 285 seconds left.
|inactive|Pleasure has 285 seconds left.
|
|switch|p2a: Raikou|Raikou|79\/100 slp
|-damage|p2a: Raikou|67\/100 slp|[from] Spikes
|move|p1a: Cloyster|Surf|p2a: Raikou
|-damage|p2a: Raikou|39\/100 slp
|-damage|p1a: Cloyster|82\/100 psn|[from] psn|[of] p2a: Raikou
|
|-heal|p1a: Cloyster|88\/100 psn|[from] item: Leftovers
|upkeep
|turn|16
|
|switch|p1a: Steelix|Steelix, M|100\/100
|-damage|p1a: Steelix|88\/100|[from] Spikes
|cant|p2a: Raikou|slp
|move|p2a: Raikou|Sleep Talk|p2a: Raikou
|move|p2a: Raikou|Hidden Power|p1a: Steelix|[from]Sleep Talk
|-damage|p1a: Steelix|67\/100
|
|-heal|p1a: Steelix|73\/100|[from] item: Leftovers
|upkeep
|turn|17
|
|switch|p2a: Forretress|Forretress, M|100\/100
|-damage|p2a: Forretress|88\/100|[from] Spikes
|move|p1a: Steelix|Earthquake|p2a: Forretress
|-damage|p2a: Forretress|65\/100
|
|-heal|p2a: Forretress|71\/100|[from] item: Leftovers
|-heal|p1a: Steelix|79\/100|[from] item: Leftovers
|upkeep
|turn|18
|inactive|Tiba has 285 seconds left.
|inactive|Pleasure has 285 seconds left.
|
|switch|p2a: Geraldo|Snorlax, M|100\/100
|-damage|p2a: Geraldo|88\/100|[from] Spikes
|move|p1a: Steelix|Earthquake|p2a: Geraldo
|-damage|p2a: Geraldo|62\/100
|
|-heal|p1a: Steelix|85\/100|[from] item: Leftovers
|-heal|p2a: Geraldo|68\/100|[from] item: Leftovers
|upkeep
|turn|19
|inactive|Tiba has 285 seconds left.
|
|switch|p1a: Cloyster|Cloyster, M|88\/100 psn
|-damage|p1a: Cloyster|76\/100 psn|[from] Spikes
|-damage|p1a: Cloyster|64\/100 psn|[from] psn
|switch|p2a: DragOWNite|Dragonite, M|100\/100
|
|-heal|p1a: Cloyster|69\/100 psn|[from] item: Leftovers
|upkeep
|turn|20
|inactive|Pleasure has 285 seconds left.
|inactive|Pleasure has 270 seconds left.
|
|move|p2a: DragOWNite|Thunder|p1a: Cloyster|[miss]
|-miss|p2a: DragOWNite
|move|p1a: Cloyster|Ice Beam|p2a: DragOWNite
|-supereffective|p2a: DragOWNite
|-damage|p2a: DragOWNite|0 fnt
|faint|p2a: DragOWNite
|c|☆Tiba|nice
|c|☆Pleasure|calculated
|c|☆Tiba|ofc
|inactive|Tiba has 285 seconds left.
|
|switch|p2a: Raikou|Raikou|39\/100 slp
|-damage|p2a: Raikou|27\/100 slp|[from] Spikes
|
|-heal|p1a: Cloyster|75\/100 psn|[from] item: Leftovers
|upkeep
|turn|21
|
|-curestatus|p2a: Raikou|slp|[msg]
|move|p2a: Raikou|Sleep Talk|p2a: Raikou
|-fail|p2a: Raikou
|move|p1a: Cloyster|Explosion|p2a: Raikou
|-damage|p2a: Raikou|0 fnt
|faint|p2a: Raikou
|faint|p1a: Cloyster
|inactive|Pleasure has 285 seconds left.
|
|switch|p2a: Terror|Tyranitar, M|45\/100
|switch|p1a: Charizard|Charizard, M|100\/100
|-damage|p2a: Terror|32\/100|[from] Spikes
|
|-heal|p2a: Terror|38\/100|[from] item: Leftovers
|upkeep
|turn|22
|inactive|Pleasure has 285 seconds left.
|
|switch|p1a: Snorlax|Snorlax, M|100\/100
|-damage|p1a: Snorlax|88\/100|[from] Spikes
|move|p2a: Terror|Rock Slide|p1a: Snorlax
|-damage|p1a: Snorlax|59\/100
|
|-heal|p2a: Terror|45\/100|[from] item: Leftovers
|-heal|p1a: Snorlax|66\/100|[from] item: Leftovers
|upkeep
|turn|23
|
|move|p2a: Terror|Dynamic Punch|p1a: Snorlax|[miss]
|-miss|p2a: Terror
|move|p1a: Snorlax|Thunder|p2a: Terror
|-damage|p2a: Terror|27\/100
|
|-heal|p2a: Terror|34\/100|[from] item: Leftovers
|-heal|p1a: Snorlax|72\/100|[from] item: Leftovers
|upkeep
|turn|24
|
|move|p2a: Terror|Dynamic Punch|p1a: Snorlax
|-supereffective|p1a: Snorlax
|-damage|p1a: Snorlax|22\/100
|-start|p1a: Snorlax|confusion
|-activate|p1a: Snorlax|confusion
|move|p1a: Snorlax|Double-Edge|p2a: Terror
|-resisted|p2a: Terror
|-damage|p2a: Terror|15\/100
|-damage|p1a: Snorlax|18\/100|[from] Recoil|[of] p2a: Terror
|
|-heal|p2a: Terror|21\/100|[from] item: Leftovers
|-heal|p1a: Snorlax|24\/100|[from] item: Leftovers
|upkeep
|turn|25
|inactive|Tiba has 285 seconds left.
|
|move|p2a: Terror|Rock Slide|p1a: Snorlax
|-damage|p1a: Snorlax|0 fnt
|faint|p1a: Snorlax
|
|switch|p1a: Charizard|Charizard, M|100\/100
|
|-heal|p2a: Terror|27\/100|[from] item: Leftovers
|upkeep
|turn|26
|inactive|Tiba has 285 seconds left.
|
|switch|p2a: Misdreavus|Misdreavus, F|100\/100
|-damage|p2a: Misdreavus|88\/100|[from] Spikes
|move|p1a: Charizard|Earthquake|p2a: Misdreavus
|-damage|p2a: Misdreavus|56\/100
|
|-heal|p2a: Misdreavus|62\/100|[from] item: Leftovers
|upkeep
|turn|27
|inactive|Pleasure has 285 seconds left.
|inactive|Tiba has 285 seconds left.
|inactive|Pleasure has 270 seconds left.
|
|move|p1a: Charizard|Fire Blast|p2a: Misdreavus
|-crit|p2a: Misdreavus
|-damage|p2a: Misdreavus|0 fnt
|faint|p2a: Misdreavus
|
|switch|p2a: Geraldo|Snorlax, M|68\/100
|-damage|p2a: Geraldo|55\/100|[from] Spikes
|
|-heal|p2a: Geraldo|61\/100|[from] item: Leftovers
|upkeep
|turn|28
|inactive|Pleasure has 285 seconds left.
|
|move|p1a: Charizard|Fire Blast|p2a: Geraldo
|-damage|p2a: Geraldo|33\/100
|move|p2a: Geraldo|Return|p1a: Charizard
|-crit|p1a: Charizard
|-damage|p1a: Charizard|16\/100
|
|-heal|p1a: Charizard|23\/100|[from] item: Leftovers
|-heal|p2a: Geraldo|39\/100|[from] item: Leftovers
|upkeep
|turn|29
|
|switch|p1a: Steelix|Steelix, M|85\/100
|-damage|p1a: Steelix|73\/100|[from] Spikes
|move|p2a: Geraldo|Return|p1a: Steelix
|-resisted|p1a: Steelix
|-damage|p1a: Steelix|62\/100
|
|-heal|p2a: Geraldo|45\/100|[from] item: Leftovers
|-heal|p1a: Steelix|68\/100|[from] item: Leftovers
|upkeep
|turn|30
|inactive|Pleasure has 285 seconds left.
|inactive|Tiba has 285 seconds left.
|
|switch|p2a: Forretress|Forretress, M|71\/100
|-damage|p2a: Forretress|59\/100|[from] Spikes
|move|p1a: Steelix|Earthquake|p2a: Forretress
|-damage|p2a: Forretress|35\/100
|
|-heal|p2a: Forretress|41\/100|[from] item: Leftovers
|-heal|p1a: Steelix|75\/100|[from] item: Leftovers
|upkeep
|turn|31
|
|switch|p1a: Gengar|Gengar, M|94\/100
|-damage|p1a: Gengar|82\/100|[from] Spikes
|move|p2a: Forretress|Explosion|p1a: Gengar
|-immune|p1a: Gengar|[msg]
|faint|p2a: Forretress
|
|switch|p2a: Terror|Tyranitar, M|27\/100
|-damage|p2a: Terror|15\/100|[from] Spikes
|
|-heal|p1a: Gengar|88\/100|[from] item: Leftovers
|-heal|p2a: Terror|21\/100|[from] item: Leftovers
|upkeep
|turn|32
|inactive|Pleasure has 285 seconds left.
|
|move|p1a: Gengar|Thunder|p2a: Terror
|-damage|p2a: Terror|0 fnt
|faint|p2a: Terror
|
|switch|p2a: Geraldo|Snorlax, M|45\/100
|-damage|p2a: Geraldo|33\/100|[from] Spikes
|
|-heal|p1a: Gengar|94\/100|[from] item: Leftovers
|-heal|p2a: Geraldo|39\/100|[from] item: Leftovers
|upkeep
|turn|33
|
|move|p1a: Gengar|Explosion|p2a: Geraldo
|-damage|p2a: Geraldo|0 fnt
|faint|p2a: Geraldo
|faint|p1a: Gengar
|
|win|Pleasure
|c|☆Pleasure|gg
</script>
</div>
<div class="battle-log battle-log-inline"><div class="inner"><div class="battle-options"></div><div class="inner"><div class="chat message-error">Battle timer is ON: inactive players will automatically lose when time's up.</div><div class=""><small>Format:</small> <br><strong>[Gen 2] OU</strong></div><div class=""><small><em>Sleep Clause Mod:</em> Limit one foe put to sleep</small></div><div class=""><small><em>Freeze Clause Mod:</em> Limit one foe frozen</small></div><div class=""><small><em>Species Clause:</em> Limit one of each Pokémon</small></div><div class=""><small><em>OHKO Clause:</em> OHKO moves are banned</small></div><div class=""><small><em>Evasion Moves Clause:</em> Evasion moves are banned</small></div><div class=""><small><em>HP Percentage Mod:</em> HP is shown in percentages</small></div><div class="spacer battle-history"><br></div><div class="battle-history">Battle started between Pleasure and Tiba!<br></div><div class="spacer battle-history"><br></div><div class="battle-history">Go! <strong>Jynx</strong>!<br></div><div class="spacer battle-history"><br></div><div class="battle-history">Tiba sent out <strong>Forretress</strong>!<br></div><div class="spacer battle-history"><br></div><h2 class="battle-history">Turn 1</h2><div class="chat"><div class="broadcast-red"><strong>Moderated chat was set to ☆!</strong><br>Only users of rank ☆ and higher can talk.</div></div><div class="chat message-error">Tiba has 285 seconds left.</div><div class="spacer battle-history"><br></div><div class="battle-history">Tiba withdrew Forretress!<br></div><div class="battle-history">Tiba sent out <strong>Raikou</strong>!<br></div><div class="spacer battle-history"><br></div><div class="battle-history">Jynx used <strong>Thief</strong>!<br></div><div class="battle-history"><small>(The opposing Raikou lost 9% of its health!)</small><br></div><div class="battle-history"><small>Jynx stole the opposing Raikou's Leftovers!</small><br></div><div class="spacer battle-history"><br></div><h2 class="battle-history">Turn 2</h2><div class="chat chatmessage-pleasure"><strong style="color:#4e7d2c"><small>☆</small><span class="username" data-name="Pleasure">Pleasure</span>:</strong> <em>@abr</em></div><div class="chat chatmessage-pleasure"><strong style="color:#4e7d2c"><small>☆</small><span class="username" data-name="Pleasure">Pleasure</span>:</strong> <em>can u stop timer</em></div><div class="chat chatmessage-pleasure"><strong style="color:#4e7d2c"><small>☆</small><span class="username" data-name="Pleasure">Pleasure</span>:</strong> <em>if tibas gets low</em></div><div class="chat chatmessage-pleasure"><strong style="color:#4e7d2c"><small>☆</small><span class="username" data-name="Pleasure">Pleasure</span>:</strong> <em>thx</em></div><div class="chat message-error">Pleasure has 285 seconds left.</div><div class="chat chatmessage-abr"><strong style="color:#ba123c"><small>&amp;</small><span class="username" data-name="ABR">ABR</span>:</strong> <em>im watchin.</em></div><div class="chat chatmessage-tiba"><strong style="color:#717cc5"><small>☆</small><span class="username" data-name="Tiba">Tiba</span>:</strong> <em>ill let him know if I need</em></div><div class="chat message-error">Pleasure has 270 seconds left.</div><div class="spacer battle-history"><br></div><div class="battle-history">Jynx, come back!<br></div><div class="battle-history">Go! <strong>Steelix</strong>!<br></div><div class="spacer battle-history"><br></div><div class="battle-history">The opposing Raikou used <strong>Thunder</strong>!<br></div><div class="battle-history"><small>It doesn't affect Steelix...</small><br></div><div class="spacer battle-history"><br></div><h2 class="battle-history">Turn 3</h2><div class="chat message-error">Pleasure has 285 seconds left.</div><div class="spacer battle-history"><br></div><div class="battle-history">Tiba withdrew Raikou!<br></div><div class="battle-history">Tiba sent out <strong>Forretress</strong>!<br></div><div class="spacer battle-history"><br></div><div class="battle-history">Steelix used <strong>Roar</strong>!<br></div><div class="spacer battle-history"><br></div><div class="battle-history"><strong>Misdreavus</strong> was dragged out!<br></div><div class="spacer battle-history"><br></div><h2 class="battle-history">Turn 4</h2><div class="chat message-error">Pleasure has 285 seconds left.</div><div class="spacer battle-history"><br></div><div class="battle-history">Tiba withdrew Misdreavus!<br></div><div class="battle-history">Tiba sent out <strong>Forretress</strong>!<br></div><div class="spacer battle-history"><br></div><div class="battle-history">Steelix, come back!<br></div><div class="battle-history">Go! <strong>Jynx</strong>!<br></div><div class="spacer battle-history"><br></div><h2 class="battle-history">Turn 5</h2><div class="chat message-error">Pleasure has 285 seconds left.</div><div class="spacer battle-history"><br></div><div class="battle-history">Tiba withdrew Forretress!<br></div><div class="battle-history">Tiba sent out <strong>Raikou</strong>!<br></div><div class="spacer battle-history"><br></div><div class="battle-history">Jynx used <strong>Lovely Kiss</strong>!<br></div><div class="battle-history"><small>Jynx's attack missed!</small><br></div><div class="spacer battle-history"><br></div><h2 class="battle-history">Turn 6</h2><div class="spacer battle-history"><br></div><div class="battle-history">Tiba withdrew Raikou!<br></div><div class="battle-history">Tiba sent out <strong>Forretress</strong>!<br></div><div class="spacer battle-history"><br></div><div class="battle-history">Jynx, come back!<br></div><div class="battle-history">Go! <strong>Steelix</strong>!<br></div><div class="spacer battle-history"><br></div><h2 class="battle-history">Turn 7</h2><div class="spacer battle-history"><br></div><div class="battle-history">Steelix, come back!<br></div><div class="battle-history">Go! <strong>Cloyster</strong>!<br></div><div class="spacer battle-history"><br></div><div class="battle-history">The opposing Forretress used <strong>Spikes</strong>!<br></div><div class="battle-history"><small>Spikes were scattered on the ground all around your team!</small><br></div><div class="spacer battle-history"><br></div><h2 class="battle-history">Turn 8</h2><div class="spacer battle-history"><br></div><div class="battle-history">Cloyster used <strong>Spikes</strong>!<br></div><div class="battle-history"><small>Spikes were scattered on the ground all around the opposing team!</small><br></div><div class="spacer battle-history"><br></div><div class="battle-history">The opposing Forretress used <strong>Toxic</strong>!<br></div><div class="battle-history"><small>Cloyster was badly poisoned!</small><br></div><div class="spacer battle-history"><br></div><h2 class="battle-history">Turn 9</h2><div class="spacer battle-history"><br></div><div class="battle-history">Cloyster, come back!<br></div><div class="battle-history">Go! <strong>Gengar</strong>!<br></div><div class="battle-history"><small>Gengar was hurt by the spikes!</small><br></div><div class="spacer battle-history"><br></div><div class="battle-history">The opposing Forretress used <strong>Rapid Spin</strong>!<br></div><div class="battle-history"><small>It doesn't affect Gengar...</small><br></div><div class="spacer battle-history"><br></div><div class="battle-history"><small>Gengar restored a little HP using its Leftovers!</small><br></div><div class="spacer battle-history"><br></div><h2 class="battle-history">Turn 10</h2><div class="chat message-error">Pleasure has 285 seconds left.</div><div class="chat message-error">Tiba has 285 seconds left.</div><div class="spacer battle-history"><br></div><div class="battle-history">Gengar, come back!<br></div><div class="battle-history">Go! <strong>Jynx</strong>!<br></div><div class="battle-history"><small>Jynx was hurt by the spikes!</small><br></div><div class="spacer battle-history"><br></div><div class="battle-history">Tiba withdrew Forretress!<br></div><div class="battle-history">Tiba sent out <strong>Raikou</strong>!<br></div><div class="battle-history"><small>The opposing Raikou was hurt by the spikes!</small><br></div><div class="spacer battle-history"><br></div><div class="battle-history"><small>Jynx restored a little HP using its Leftovers!</small><br></div><div class="spacer battle-history"><br></div><h2 class="battle-history">Turn 11</h2><div class="spacer battle-history"><br></div><div class="battle-history">The opposing Raikou used <strong>Thunder</strong>!<br></div><div class="battle-history"><small>(Jynx lost 45% of its health!)</small><br></div><div class="spacer battle-history"><br></div><div class="battle-history">Jynx used <strong>Lovely Kiss</strong>!<br></div><div class="battle-history"><small>The opposing Raikou fell asleep!</small><br></div><div class="spacer battle-history"><br></div><div class="battle-history"><small>Jynx restored a little HP using its Leftovers!</small><br></div><div class="spacer battle-history"><br></div><h2 class="battle-history">Turn 12</h2><div class="spacer battle-history"><br></div><div class="battle-history">Tiba withdrew Raikou!<br></div><div class="battle-history">Tiba sent out Terror (<strong>Tyranitar</strong>)!<br></div><div class="battle-history"><small>The opposing Terror was hurt by the spikes!</small><br></div><div class="spacer battle-history"><br></div><div class="battle-history">Jynx used <strong>Psychic</strong>!<br></div><div class="battle-history"><small>It doesn't affect the opposing Terror...</small><br></div><div class="spacer battle-history"><br></div><div class="battle-history"><small>Jynx restored a little HP using its Leftovers!</small><br></div><div class="battle-history"><small>The opposing Terror restored a little HP using its Leftovers!</small><br></div><div class="spacer battle-history"><br></div><h2 class="battle-history">Turn 13</h2><div class="spacer battle-history"><br></div><div class="battle-history">Jynx used <strong>Ice Beam</strong>!<br></div><div class="battle-history"><small>(The opposing Terror lost 31% of its health!)</small><br></div><div class="spacer battle-history"><br></div><div class="battle-history">The opposing Terror used <strong>Crunch</strong>!<br></div><div class="battle-history"><small>It's super effective!</small><br></div><div class="battle-history"><small>(Jynx lost 57% of its health!)</small><br></div><div class="spacer battle-history"><br></div><div class="battle-history"><small>Jynx restored a little HP using its Leftovers!</small><br></div><div class="battle-history"><small>The opposing Terror restored a little HP using its Leftovers!</small><br></div><div class="spacer battle-history"><br></div><h2 class="battle-history">Turn 14</h2><div class="spacer battle-history"><br></div><div class="battle-history">Jynx used <strong>Ice Beam</strong>!<br></div><div class="battle-history"><small>(The opposing Terror lost 31% of its health!)</small><br></div><div class="spacer battle-history"><br></div><div class="battle-history">The opposing Terror used <strong>Crunch</strong>!<br></div><div class="battle-history"><small>It's super effective!</small><br></div><div class="battle-history"><small>(Jynx lost 10% of its health!)</small><br></div><div class="spacer battle-history"><br></div><div class="battle-history">Jynx fainted!<br></div><div class="spacer battle-history"><br></div><div class="battle-history">Go! <strong>Cloyster</strong>!<br></div><div class="battle-history"><small>Cloyster was poisoned!</small><br></div><div class="battle-history"><small>Cloyster was hurt by the spikes!</small><br></div><div class="spacer battle-history"><br></div><div class="battle-history"><small>Cloyster restored a little HP using its Leftovers!</small><br></div><div class="battle-history"><small>The opposing Terror restored a little HP using its Leftovers!</small><br></div><div class="spacer battle-history"><br></div><h2 class="battle-history">Turn 15</h2><div class="chat message-error">Tiba has 285 seconds left.</div><div class="chat message-error">Pleasure has 285 seconds left.</div><div class="spacer battle-history"><br></div><div class="battle-history">Tiba withdrew Terror!<br></div><div class="battle-history">Tiba sent out <strong>Raikou</strong>!<br></div><div class="battle-history"><small>The opposing Raikou was hurt by the spikes!</small><br></div><div class="spacer battle-history"><br></div><div class="battle-history">Cloyster used <strong>Surf</strong>!<br></div><div class="battle-history"><small>(The opposing Raikou lost 28% of its health!)</small><br></div><div class="battle-history"><small>Cloyster was hurt by poison!</small><br></div><div class="spacer battle-history"><br></div><div class="battle-history"><small>Cloyster restored a little HP using its Leftovers!</small><br></div><div class="spacer battle-history"><br></div><h2 class="battle-history">Turn 16</h2><div class="spacer battle-history"><br></div><div class="battle-history">Cloyster, come back!<br></div><div class="battle-history">Go! <strong>Steelix</strong>!<br></div><div class="battle-history"><small>Steelix was hurt by the spikes!</small><br></div><div class="spacer battle-history"><br></div><div class="battle-history">The opposing Raikou is fast asleep.<br></div><div class="spacer battle-history"><br></div><div class="battle-history">The opposing Raikou used <strong>Sleep Talk</strong>!<br></div><div class="spacer battle-history"><br></div><div class="battle-history">The opposing Raikou used <strong>Hidden Power</strong>!<br></div><div class="battle-history"><small>(Steelix lost 21% of its health!)</small><br></div><div class="spacer battle-history"><br></div><div class="battle-history"><small>Steelix restored a little HP using its Leftovers!</small><br></div><div class="spacer battle-history"><br></div><h2 class="battle-history">Turn 17</h2><div class="spacer battle-history"><br></div><div class="battle-history">Tiba withdrew Raikou!<br></div><div class="battle-history">Tiba sent out <strong>Forretress</strong>!<br></div><div class="battle-history"><small>The opposing Forretress was hurt by the spikes!</small><br></div><div class="spacer battle-history"><br></div><div class="battle-history">Steelix used <strong>Earthquake</strong>!<br></div><div class="battle-history"><small>(The opposing Forretress lost 23% of its health!)</small><br></div><div class="spacer battle-history"><br></div><div class="battle-history"><small>The opposing Forretress restored a little HP using its Leftovers!</small><br></div><div class="battle-history"><small>Steelix restored a little HP using its Leftovers!</small><br></div><div class="spacer battle-history"><br></div><h2 class="battle-history">Turn 18</h2><div class="chat message-error">Tiba has 285 seconds left.</div><div class="chat message-error">Pleasure has 285 seconds left.</div><div class="spacer battle-history"><br></div><div class="battle-history">Tiba withdrew Forretress!<br></div><div class="battle-history">Tiba sent out Geraldo (<strong>Snorlax</strong>)!<br></div><div class="battle-history"><small>The opposing Geraldo was hurt by the spikes!</small><br></div><div class="spacer battle-history"><br></div><div class="battle-history">Steelix used <strong>Earthquake</strong>!<br></div><div class="battle-history"><small>(The opposing Geraldo lost 26% of its health!)</small><br></div><div class="spacer battle-history"><br></div><div class="battle-history"><small>Steelix restored a little HP using its Leftovers!</small><br></div><div class="battle-history"><small>The opposing Geraldo restored a little HP using its Leftovers!</small><br></div><div class="spacer battle-history"><br></div><h2 class="battle-history">Turn 19</h2><div class="chat message-error">Tiba has 285 seconds left.</div><div class="spacer battle-history"><br></div><div class="battle-history">Steelix, come back!<br></div><div class="battle-history">Go! <strong>Cloyster</strong>!<br></div><div class="battle-history"><small>Cloyster was hurt by the spikes!</small><br></div><div class="battle-history"><small>Cloyster was hurt by poison!</small><br></div><div class="spacer battle-history"><br></div><div class="battle-history">Tiba withdrew Geraldo!<br></div><div class="battle-history">Tiba sent out DragOWNite (<strong>Dragonite</strong>)!<br></div><div class="spacer battle-history"><br></div><div class="battle-history"><small>Cloyster restored a little HP using its Leftovers!</small><br></div><div class="spacer battle-history"><br></div><h2 class="battle-history">Turn 20</h2><div class="chat message-error">Pleasure has 285 seconds left.</div><div class="chat message-error">Pleasure has 270 seconds left.</div><div class="spacer battle-history"><br></div><div class="battle-history">The opposing DragOWNite used <strong>Thunder</strong>!<br></div><div class="battle-history"><small>The opposing DragOWNite's attack missed!</small><br></div><div class="spacer battle-history"><br></div><div class="battle-history">Cloyster used <strong>Ice Beam</strong>!<br></div><div class="battle-history"><small>It's super effective!</small><br></div><div class="battle-history"><small>(The opposing DragOWNite lost 100% of its health!)</small><br></div><div class="spacer battle-history"><br></div><div class="battle-history">The opposing DragOWNite fainted!<br></div><div class="chat chatmessage-tiba"><strong style="color:#717cc5"><small>☆</small><span class="username" data-name="Tiba">Tiba</span>:</strong> <em>nice</em></div><div class="chat chatmessage-pleasure"><strong style="color:#4e7d2c"><small>☆</small><span class="username" data-name="Pleasure">Pleasure</span>:</strong> <em>calculated</em></div><div class="chat chatmessage-tiba"><strong style="color:#717cc5"><small>☆</small><span class="username" data-name="Tiba">Tiba</span>:</strong> <em>ofc</em></div><div class="chat message-error">Tiba has 285 seconds left.</div><div class="spacer battle-history"><br></div><div class="battle-history">Tiba sent out <strong>Raikou</strong>!<br></div><div class="battle-history"><small>The opposing Raikou was hurt by the spikes!</small><br></div><div class="spacer battle-history"><br></div><div class="battle-history"><small>Cloyster restored a little HP using its Leftovers!</small><br></div><div class="spacer battle-history"><br></div><h2 class="battle-history">Turn 21</h2><div class="spacer battle-history"><br></div><div class="battle-history"><small>The opposing Raikou woke up!</small><br></div><div class="spacer battle-history"><br></div><div class="battle-history">The opposing Raikou used <strong>Sleep Talk</strong>!<br></div><div class="battle-history"><small>But it failed!</small><br></div><div class="spacer battle-history"><br></div><div class="battle-history">Cloyster used <strong>Explosion</strong>!<br></div><div class="battle-history"><small>(The opposing Raikou lost 27% of its health!)</small><br></div><div class="spacer battle-history"><br></div><div class="battle-history">The opposing Raikou fainted!<br></div><div class="battle-history">Cloyster fainted!<br></div><div class="chat message-error">Pleasure has 285 seconds left.</div><div class="spacer battle-history"><br></div><div class="battle-history">Tiba sent out Terror (<strong>Tyranitar</strong>)!<br></div><div class="spacer battle-history"><br></div><div class="battle-history">Go! <strong>Charizard</strong>!<br></div><div class="battle-history"><small>The opposing Terror was hurt by the spikes!</small><br></div><div class="spacer battle-history"><br></div><div class="battle-history"><small>The opposing Terror restored a little HP using its Leftovers!</small><br></div><div class="spacer battle-history"><br></div><h2 class="battle-history">Turn 22</h2><div class="chat message-error">Pleasure has 285 seconds left.</div><div class="spacer battle-history"><br></div><div class="battle-history">Charizard, come back!<br></div><div class="battle-history">Go! <strong>Snorlax</strong>!<br></div><div class="battle-history"><small>Snorlax was hurt by the spikes!</small><br></div><div class="spacer battle-history"><br></div><div class="battle-history">The opposing Terror used <strong>Rock Slide</strong>!<br></div><div class="battle-history"><small>(Snorlax lost 29% of its health!)</small><br></div><div class="spacer battle-history"><br></div><div class="battle-history"><small>The opposing Terror restored a little HP using its Leftovers!</small><br></div><div class="battle-history"><small>Snorlax restored a little HP using its Leftovers!</small><br></div><div class="spacer battle-history"><br></div><h2 class="battle-history">Turn 23</h2><div class="spacer battle-history"><br></div><div class="battle-history">The opposing Terror used <strong>Dynamic Punch</strong>!<br></div><div class="battle-history"><small>The opposing Terror's attack missed!</small><br></div><div class="spacer battle-history"><br></div><div class="battle-history">Snorlax used <strong>Thunder</strong>!<br></div><div class="battle-history"><small>(The opposing Terror lost 18% of its health!)</small><br></div><div class="spacer battle-history"><br></div><div class="battle-history"><small>The opposing Terror restored a little HP using its Leftovers!</small><br></div><div class="battle-history"><small>Snorlax restored a little HP using its Leftovers!</small><br></div><div class="spacer battle-history"><br></div><h2 class="battle-history">Turn 24</h2><div class="spacer battle-history"><br></div><div class="battle-history">The opposing Terror used <strong>Dynamic Punch</strong>!<br></div><div class="battle-history"><small>It's super effective!</small><br></div><div class="battle-history"><small>(Snorlax lost 50% of its health!)</small><br></div><div class="battle-history"><small>Snorlax became confused!</small><br></div><div class="spacer battle-history"><br></div><div class="battle-history"><small>Snorlax is confused!</small><br></div><div class="battle-history">Snorlax used <strong>Double-Edge</strong>!<br></div><div class="battle-history"><small>It's not very effective...</small><br></div><div class="battle-history"><small>(The opposing Terror lost 19% of its health!)</small><br></div><div class="battle-history"><small>Snorlax was damaged by the recoil!</small><br></div><div class="spacer battle-history"><br></div><div class="battle-history"><small>The opposing Terror restored a little HP using its Leftovers!</small><br></div><div class="battle-history"><small>Snorlax restored a little HP using its Leftovers!</small><br></div><div class="spacer battle-history"><br></div><h2 class="battle-history">Turn 25</h2><div class="chat message-error">Tiba has 285 seconds left.</div><div class="spacer battle-history"><br></div><div class="battle-history">The opposing Terror used <strong>Rock Slide</strong>!<br></div><div class="battle-history"><small>(Snorlax lost 24% of its health!)</small><br></div><div class="spacer battle-history"><br></div><div class="battle-history">Snorlax fainted!<br></div><div class="spacer battle-history"><br></div><div class="battle-history">Go! <strong>Charizard</strong>!<br></div><div class="spacer battle-history"><br></div><div class="battle-history"><small>The opposing Terror restored a little HP using its Leftovers!</small><br></div><div class="spacer battle-history"><br></div><h2 class="battle-history">Turn 26</h2><div class="chat message-error">Tiba has 285 seconds left.</div><div class="spacer battle-history"><br></div><div class="battle-history">Tiba withdrew Terror!<br></div><div class="battle-history">Tiba sent out <strong>Misdreavus</strong>!<br></div><div class="battle-history"><small>The opposing Misdreavus was hurt by the spikes!</small><br></div><div class="spacer battle-history"><br></div><div class="battle-history">Charizard used <strong>Earthquake</strong>!<br></div><div class="battle-history"><small>(The opposing Misdreavus lost 32% of its health!)</small><br></div><div class="spacer battle-history"><br></div><div class="battle-history"><small>The opposing Misdreavus restored a little HP using its Leftovers!</small><br></div><div class="spacer battle-history"><br></div><h2 class="battle-history">Turn 27</h2><div class="chat message-error">Pleasure has 285 seconds left.</div><div class="chat message-error">Tiba has 285 seconds left.</div><div class="chat message-error">Pleasure has 270 seconds left.</div><div class="spacer battle-history"><br></div><div class="battle-history">Charizard used <strong>Fire Blast</strong>!<br></div><div class="battle-history"><small>A critical hit!</small><br></div><div class="battle-history"><small>(The opposing Misdreavus lost 62% of its health!)</small><br></div><div class="spacer battle-history"><br></div><div class="battle-history">The opposing Misdreavus fainted!<br></div><div class="spacer battle-history"><br></div><div class="battle-history">Tiba sent out Geraldo (<strong>Snorlax</strong>)!<br></div><div class="battle-history"><small>The opposing Geraldo was hurt by the spikes!</small><br></div><div class="spacer battle-history"><br></div><div class="battle-history"><small>The opposing Geraldo restored a little HP using its Leftovers!</small><br></div><div class="spacer battle-history"><br></div><h2 class="battle-history">Turn 28</h2><div class="chat message-error">Pleasure has 285 seconds left.</div><div class="spacer battle-history"><br></div><div class="battle-history">Charizard used <strong>Fire Blast</strong>!<br></div><div class="battle-history"><small>(The opposing Geraldo lost 28% of its health!)</small><br></div><div class="spacer battle-history"><br></div><div class="battle-history">The opposing Geraldo used <strong>Return</strong>!<br></div><div class="battle-history"><small>A critical hit!</small><br></div><div class="battle-history"><small>(Charizard lost 84% of its health!)</small><br></div><div class="spacer battle-history"><br></div><div class="battle-history"><small>Charizard restored a little HP using its Leftovers!</small><br></div><div class="battle-history"><small>The opposing Geraldo restored a little HP using its Leftovers!</small><br></div><div class="spacer battle-history"><br></div><h2 class="battle-history">Turn 29</h2><div class="spacer battle-history"><br></div><div class="battle-history">Charizard, come back!<br></div><div class="battle-history">Go! <strong>Steelix</strong>!<br></div><div class="battle-history"><small>Steelix was hurt by the spikes!</small><br></div><div class="spacer battle-history"><br></div><div class="battle-history">The opposing Geraldo used <strong>Return</strong>!<br></div><div class="battle-history"><small>It's not very effective...</small><br></div><div class="battle-history"><small>(Steelix lost 11% of its health!)</small><br></div><div class="spacer battle-history"><br></div><div class="battle-history"><small>The opposing Geraldo restored a little HP using its Leftovers!</small><br></div><div class="battle-history"><small>Steelix restored a little HP using its Leftovers!</small><br></div><div class="spacer battle-history"><br></div><h2 class="battle-history">Turn 30</h2><div class="chat message-error">Pleasure has 285 seconds left.</div><div class="chat message-error">Tiba has 285 seconds left.</div><div class="spacer battle-history"><br></div><div class="battle-history">Tiba withdrew Geraldo!<br></div><div class="battle-history">Tiba sent out <strong>Forretress</strong>!<br></div><div class="battle-history"><small>The opposing Forretress was hurt by the spikes!</small><br></div><div class="spacer battle-history"><br></div><div class="battle-history">Steelix used <strong>Earthquake</strong>!<br></div><div class="battle-history"><small>(The opposing Forretress lost 24% of its health!)</small><br></div><div class="spacer battle-history"><br></div><div class="battle-history"><small>The opposing Forretress restored a little HP using its Leftovers!</small><br></div><div class="battle-history"><small>Steelix restored a little HP using its Leftovers!</small><br></div><div class="spacer battle-history"><br></div><h2 class="battle-history">Turn 31</h2><div class="spacer battle-history"><br></div><div class="battle-history">Steelix, come back!<br></div><div class="battle-history">Go! <strong>Gengar</strong>!<br></div><div class="battle-history"><small>Gengar was hurt by the spikes!</small><br></div><div class="spacer battle-history"><br></div><div class="battle-history">The opposing Forretress used <strong>Explosion</strong>!<br></div><div class="battle-history"><small>It doesn't affect Gengar...</small><br></div><div class="spacer battle-history"><br></div><div class="battle-history">The opposing Forretress fainted!<br></div><div class="spacer battle-history"><br></div><div class="battle-history">Tiba sent out Terror (<strong>Tyranitar</strong>)!<br></div><div class="battle-history"><small>The opposing Terror was hurt by the spikes!</small><br></div><div class="spacer battle-history"><br></div><div class="battle-history"><small>Gengar restored a little HP using its Leftovers!</small><br></div><div class="battle-history"><small>The opposing Terror restored a little HP using its Leftovers!</small><br></div><div class="spacer battle-history"><br></div><h2 class="battle-history">Turn 32</h2><div class="chat message-error">Pleasure has 285 seconds left.</div><div class="spacer battle-history"><br></div><div class="battle-history">Gengar used <strong>Thunder</strong>!<br></div><div class="battle-history"><small>(The opposing Terror lost 21% of its health!)</small><br></div><div class="spacer battle-history"><br></div><div class="battle-history">The opposing Terror fainted!<br></div><div class="spacer battle-history"><br></div><div class="battle-history">Tiba sent out Geraldo (<strong>Snorlax</strong>)!<br></div><div class="battle-history"><small>The opposing Geraldo was hurt by the spikes!</small><br></div><div class="spacer battle-history"><br></div><div class="battle-history"><small>Gengar restored a little HP using its Leftovers!</small><br></div><div class="battle-history"><small>The opposing Geraldo restored a little HP using its Leftovers!</small><br></div><div class="spacer battle-history"><br></div><h2 class="battle-history">Turn 33</h2><div class="spacer battle-history"><br></div><div class="battle-history">Gengar used <strong>Explosion</strong>!<br></div><div class="battle-history"><small>(The opposing Geraldo lost 39% of its health!)</small><br></div><div class="spacer battle-history"><br></div><div class="battle-history">The opposing Geraldo fainted!<br></div><div class="battle-history">Gengar fainted!<br></div><div class="spacer battle-history"><br></div><div class="battle-history"><strong>Pleasure</strong> won the battle!<br></div><div class="chat chatmessage-pleasure"><strong style="color:#4e7d2c"><small>☆</small><span class="username" data-name="Pleasure">Pleasure</span>:</strong> <em>gg</em></div></div><div class="inner-preempt"></div></div></div>
</div>
<script>
let daily = Math.floor(Date.now()/1000/60/60/24);document.write('<script src="https://play.pokemonshowdown.com/js/replay-embed.js?version'+daily+'"></'+'script>');
</script>
