<!DOCTYPE html>
<meta charset="utf-8" />
<!-- version 1 -->
<title>[Gen 2] OU replay: giara vs. LL Chool J</title>
<style>
html,body {font-family:Verdana, sans-serif;font-size:10pt;margin:0;padding:0;}body{padding:12px 0;} .battle-log {font-family:Verdana, sans-serif;font-size:10pt;} .battle-log-inline {border:1px solid #AAAAAA;background:#EEF2F5;color:black;max-width:640px;margin:0 auto 80px;padding-bottom:5px;} .battle-log .inner {padding:4px 8px 0px 8px;} .battle-log .inner-preempt {padding:0 8px 4px 8px;} .battle-log .inner-after {margin-top:0.5em;} .battle-log h2 {margin:0.5em -8px;padding:4px 8px;border:1px solid #AAAAAA;background:#E0E7EA;border-left:0;border-right:0;font-family:Verdana, sans-serif;font-size:13pt;} .battle-log .chat {vertical-align:middle;padding:3px 0 3px 0;font-size:8pt;} .battle-log .chat strong {color:#40576A;} .battle-log .chat em {padding:1px 4px 1px 3px;color:#000000;font-style:normal;} .chat.mine {background:rgba(0,0,0,0.05);margin-left:-8px;margin-right:-8px;padding-left:8px;padding-right:8px;} .spoiler {color:#BBBBBB;background:#BBBBBB;padding:0px 3px;} .spoiler:hover, .spoiler:active, .spoiler-shown {color:#000000;background:#E2E2E2;padding:0px 3px;} .spoiler a {color:#BBBBBB;} .spoiler:hover a, .spoiler:active a, .spoiler-shown a {color:#2288CC;} .chat code, .chat .spoiler:hover code, .chat .spoiler:active code, .chat .spoiler-shown code {border:1px solid #C0C0C0;background:#EEEEEE;color:black;padding:0 2px;} .chat .spoiler code {border:1px solid #CCCCCC;background:#CCCCCC;color:#CCCCCC;} .battle-log .rated {padding:3px 4px;} .battle-log .rated strong {color:white;background:#89A;padding:1px 4px;border-radius:4px;} .spacer {margin-top:0.5em;} .message-announce {background:#6688AA;color:white;padding:1px 4px 2px;} .message-announce a, .broadcast-green a, .broadcast-blue a, .broadcast-red a {color:#DDEEFF;} .broadcast-green {background-color:#559955;color:white;padding:2px 4px;} .broadcast-blue {background-color:#6688AA;color:white;padding:2px 4px;} .infobox {border:1px solid #6688AA;padding:2px 4px;} .infobox-limited {max-height:200px;overflow:auto;overflow-x:hidden;} .broadcast-red {background-color:#AA5544;color:white;padding:2px 4px;} .message-learn-canlearn {font-weight:bold;color:#228822;text-decoration:underline;} .message-learn-cannotlearn {font-weight:bold;color:#CC2222;text-decoration:underline;} .message-effect-weak {font-weight:bold;color:#CC2222;} .message-effect-resist {font-weight:bold;color:#6688AA;} .message-effect-immune {font-weight:bold;color:#666666;} .message-learn-list {margin-top:0;margin-bottom:0;} .message-throttle-notice, .message-error {color:#992222;} .message-overflow, .chat small.message-overflow {font-size:0pt;} .message-overflow::before {font-size:9pt;content:'...';} .subtle {color:#3A4A66;}
</style>
<div class="wrapper replay-wrapper" style="max-width:1180px;margin:0 auto">
<input type="hidden" name="replayid" value="smogtours-gen2ou-343291" />
<div class="battle"></div><div class="battle-log"></div><div class="replay-controls"></div><div class="replay-controls-2"></div>
<h1 style="font-weight:normal;text-align:center"><strong>[Gen 2] OU</strong><br /><a href="http://pokemonshowdown.com/users/giara" class="subtle" target="_blank">giara</a> vs. <a href="http://pokemonshowdown.com/users/llchoolj" class="subtle" target="_blank">LL Chool J</a></h1>
<script type="text/plain" class="battle-log-data">|inactive|Battle timer is ON: inactive players will automatically lose when time's up.
|player|p1|giara|218
|teamsize|p1|6
|player|p2|LL Chool J|102
|teamsize|p2|6
|gametype|singles
|gen|2
|tier|[Gen 2] OU
|rule|Sleep Clause Mod: Limit one foe put to sleep
|rule|Species Clause: Limit one of each Pokémon
|rule|OHKO Clause: OHKO moves are banned
|rule|Evasion Moves Clause: Evasion moves are banned
|rule|HP Percentage Mod: HP is shown in percentages
|
|start
|switch|p1a: Zapdos|Zapdos|100\/100
|switch|p2a: wifebeater|Snorlax, M|100\/100
|turn|1
|raw|<div class="broadcast-red"><strong>Moderated chat was set to @!<\/strong><br \/>Only users of rank @ and higher can talk.<\/div>
|inactive|giara has 285 seconds left.
|c|☆giara|hf
|
|move|p1a: Zapdos|Thunder|p2a: wifebeater
|-damage|p2a: wifebeater|70\/100
|-status|p2a: wifebeater|par
|move|p2a: wifebeater|Double-Edge|p1a: Zapdos
|-damage|p1a: Zapdos|59\/100
|-damage|p2a: wifebeater|62\/100 par|[from] Recoil|[of] p1a: Zapdos
|
|-heal|p1a: Zapdos|65\/100|[from] item: Leftovers
|-heal|p2a: wifebeater|68\/100 par|[from] item: Leftovers
|upkeep
|turn|2
|inactive|giara has 285 seconds left.
|inactive|giara has 270 seconds left.
|inactive|giara has 255 seconds left.
|
|move|p1a: Zapdos|Thunder|p2a: wifebeater
|-damage|p2a: wifebeater|39\/100 par
|move|p2a: wifebeater|Lovely Kiss|p1a: Zapdos
|-status|p1a: Zapdos|slp
|
|-heal|p1a: Zapdos|71\/100 slp|[from] item: Leftovers
|-heal|p2a: wifebeater|45\/100 par|[from] item: Leftovers
|upkeep
|turn|3
|inactive|giara has 255 seconds left.
|
|switch|p1a: Forretress|Forretress, M|100\/100
|switch|p2a: ISYN|Raikou|100\/100
|
|upkeep
|turn|4
|inactive|giara has 255 seconds left.
|
|switch|p1a: Snorlax|Snorlax, M|100\/100
|move|p2a: ISYN|Thunder|p1a: Snorlax
|-damage|p1a: Snorlax|73\/100
|
|-heal|p1a: Snorlax|79\/100|[from] item: Leftovers
|upkeep
|turn|5
|
|switch|p2a: RET|Cloyster, M|100\/100
|move|p1a: Snorlax|Double-Edge|p2a: RET
|-damage|p2a: RET|70\/100
|-damage|p1a: Snorlax|75\/100|[from] Recoil|[of] p2a: RET
|
|-heal|p2a: RET|76\/100|[from] item: Leftovers
|-heal|p1a: Snorlax|81\/100|[from] item: Leftovers
|upkeep
|turn|6
|
|switch|p2a: fucking brown man|Rhydon, M|100\/100
|move|p1a: Snorlax|Curse|p1a: Snorlax
|-unboost|p1a: Snorlax|spe|1
|-boost|p1a: Snorlax|atk|1
|-boost|p1a: Snorlax|def|1
|
|-heal|p1a: Snorlax|87\/100|[from] item: Leftovers
|upkeep
|turn|7
|
|move|p2a: fucking brown man|Curse|p2a: fucking brown man
|-unboost|p2a: fucking brown man|spe|1
|-boost|p2a: fucking brown man|atk|1
|-boost|p2a: fucking brown man|def|1
|move|p1a: Snorlax|Double-Edge|p2a: fucking brown man
|-crit|p2a: fucking brown man
|-resisted|p2a: fucking brown man
|-damage|p2a: fucking brown man|68\/100
|-damage|p1a: Snorlax|81\/100|[from] Recoil|[of] p2a: fucking brown man
|
|-heal|p2a: fucking brown man|74\/100|[from] item: Leftovers
|-heal|p1a: Snorlax|87\/100|[from] item: Leftovers
|upkeep
|turn|8
|inactive|giara has 270 seconds left.
|
|move|p2a: fucking brown man|Earthquake|p1a: Snorlax
|-damage|p1a: Snorlax|53\/100
|move|p1a: Snorlax|Lovely Kiss|p2a: fucking brown man|[miss]
|-miss|p1a: Snorlax
|
|-heal|p2a: fucking brown man|80\/100|[from] item: Leftovers
|-heal|p1a: Snorlax|59\/100|[from] item: Leftovers
|upkeep
|turn|9
|inactive|giara has 270 seconds left.
|inactive|LL Chool J has 285 seconds left.
|
|move|p2a: fucking brown man|Earthquake|p1a: Snorlax
|-crit|p1a: Snorlax
|-damage|p1a: Snorlax|0 fnt
|faint|p1a: Snorlax
|inactive|giara has 270 seconds left.
|
|switch|p1a: Exeggutor|Exeggutor, M|100\/100
|
|-heal|p2a: fucking brown man|86\/100|[from] item: Leftovers
|upkeep
|turn|10
|inactive|giara has 270 seconds left.
|
|switch|p2a: ISYN|Raikou|100\/100
|move|p1a: Exeggutor|Psychic|p2a: ISYN
|-damage|p2a: ISYN|66\/100
|
|-heal|p2a: ISYN|72\/100|[from] item: Leftovers
|upkeep
|turn|11
|
|move|p2a: ISYN|Thunder|p1a: Exeggutor
|-resisted|p1a: Exeggutor
|-damage|p1a: Exeggutor|74\/100
|-status|p1a: Exeggutor|par
|move|p1a: Exeggutor|Stun Spore|p2a: ISYN
|-status|p2a: ISYN|par
|
|-heal|p2a: ISYN|78\/100 par|[from] item: Leftovers
|-heal|p1a: Exeggutor|80\/100 par|[from] item: Leftovers
|upkeep
|turn|12
|inactive|giara has 270 seconds left.
|inactive|giara has 255 seconds left.
|
|move|p2a: ISYN|Hidden Power|p1a: Exeggutor
|-supereffective|p1a: Exeggutor
|-damage|p1a: Exeggutor|39\/100 par
|move|p1a: Exeggutor|Psychic|p2a: ISYN
|-damage|p2a: ISYN|45\/100 par
|
|-heal|p2a: ISYN|51\/100 par|[from] item: Leftovers
|-heal|p1a: Exeggutor|45\/100 par|[from] item: Leftovers
|upkeep
|turn|13
|inactive|giara has 255 seconds left.
|
|switch|p1a: Forretress|Forretress, M|100\/100
|move|p2a: ISYN|Rest|p2a: ISYN
|-status|p2a: ISYN|slp
|-heal|p2a: ISYN|100\/100 slp|[silent]
|-status|p2a: ISYN|slp|[from] move: Rest
|
|upkeep
|turn|14
|
|switch|p2a: RET|Cloyster, M|76\/100
|move|p1a: Forretress|Spikes|p2a: RET
|-sidestart|p2: LL Chool J|Spikes
|
|-heal|p2a: RET|82\/100|[from] item: Leftovers
|upkeep
|turn|15
|
|move|p2a: RET|Spikes|p1a: Forretress
|-sidestart|p1: giara|Spikes
|move|p1a: Forretress|Toxic|p2a: RET
|-status|p2a: RET|tox
|
|-heal|p2a: RET|88\/100 tox|[from] item: Leftovers
|upkeep
|turn|16
|
|move|p2a: RET|Surf|p1a: Forretress
|-damage|p1a: Forretress|62\/100
|-damage|p2a: RET|82\/100 tox|[from] tox|[of] p1a: Forretress
|move|p1a: Forretress|Rapid Spin|p2a: RET
|-damage|p2a: RET|79\/100 tox
|-sideend|p1: giara|Spikes|[from] move: Rapid Spin|[of] p1a: Forretress
|
|-heal|p2a: RET|85\/100 tox|[from] item: Leftovers
|-heal|p1a: Forretress|68\/100|[from] item: Leftovers
|upkeep
|turn|17
|
|switch|p1a: Exeggutor|Exeggutor, M|45\/100 par
|move|p2a: RET|Surf|p1a: Exeggutor
|-resisted|p1a: Exeggutor
|-damage|p1a: Exeggutor|30\/100 par
|-damage|p2a: RET|73\/100 tox|[from] tox|[of] p1a: Exeggutor
|
|-heal|p2a: RET|79\/100 tox|[from] item: Leftovers
|-heal|p1a: Exeggutor|36\/100 par|[from] item: Leftovers
|upkeep
|turn|18
|
|switch|p2a: sink shitter|Heracross, M|100\/100
|-damage|p2a: sink shitter|88\/100|[from] Spikes
|cant|p1a: Exeggutor|par
|
|-heal|p2a: sink shitter|94\/100|[from] item: Leftovers
|-heal|p1a: Exeggutor|42\/100 par|[from] item: Leftovers
|upkeep
|turn|19
|
|switch|p1a: Zapdos|Zapdos|71\/100 slp
|move|p2a: sink shitter|Seismic Toss|p1a: Zapdos
|-damage|p1a: Zapdos|45\/100 slp
|
|-heal|p1a: Zapdos|51\/100 slp|[from] item: Leftovers
|-heal|p2a: sink shitter|99\/100|[from] item: Leftovers
|upkeep
|turn|20
|
|switch|p2a: ISYN|Raikou|100\/100 slp
|-damage|p2a: ISYN|88\/100 slp|[from] Spikes
|cant|p1a: Zapdos|slp
|move|p1a: Zapdos|Sleep Talk|p1a: Zapdos
|move|p1a: Zapdos|Hidden Power|p2a: ISYN|[from]Sleep Talk
|-damage|p2a: ISYN|71\/100 slp
|
|-heal|p2a: ISYN|77\/100 slp|[from] item: Leftovers
|-heal|p1a: Zapdos|57\/100 slp|[from] item: Leftovers
|upkeep
|turn|21
|inactive|giara has 285 seconds left.
|inactive|giara has 270 seconds left.
|inactive|giara has 255 seconds left.
|inactive|giara has 240 seconds left.
|
|switch|p1a: Exeggutor|Exeggutor, M|42\/100 par
|cant|p2a: ISYN|slp
|move|p2a: ISYN|Sleep Talk|p2a: ISYN
|move|p2a: ISYN|Thunder|p1a: Exeggutor|[from]Sleep Talk
|-resisted|p1a: Exeggutor
|-damage|p1a: Exeggutor|17\/100 par
|
|-heal|p2a: ISYN|83\/100 slp|[from] item: Leftovers
|-heal|p1a: Exeggutor|23\/100 par|[from] item: Leftovers
|upkeep
|turn|22
|inactive|giara has 255 seconds left.
|inactive|LL Chool J has 285 seconds left.
|
|switch|p2a: sink shitter|Heracross, M|99\/100
|-damage|p2a: sink shitter|88\/100|[from] Spikes
|cant|p1a: Exeggutor|par
|
|-heal|p2a: sink shitter|94\/100|[from] item: Leftovers
|-heal|p1a: Exeggutor|29\/100 par|[from] item: Leftovers
|upkeep
|turn|23
|inactive|giara has 255 seconds left.
|inactive|LL Chool J has 285 seconds left.
|
|switch|p1a: Zapdos|Zapdos|57\/100 slp
|move|p2a: sink shitter|Seismic Toss|p1a: Zapdos
|-damage|p1a: Zapdos|31\/100 slp
|
|-heal|p1a: Zapdos|37\/100 slp|[from] item: Leftovers
|-heal|p2a: sink shitter|99\/100|[from] item: Leftovers
|upkeep
|turn|24
|
|-curestatus|p1a: Zapdos|slp|[msg]
|move|p1a: Zapdos|Sleep Talk|p1a: Zapdos
|-fail|p1a: Zapdos
|move|p2a: sink shitter|Seismic Toss|p1a: Zapdos
|-damage|p1a: Zapdos|10\/100
|
|-heal|p1a: Zapdos|16\/100|[from] item: Leftovers
|-heal|p2a: sink shitter|100\/100|[from] item: Leftovers
|upkeep
|turn|25
|
|switch|p2a: wifebeater|Snorlax, M|45\/100 par
|-damage|p2a: wifebeater|33\/100 par|[from] Spikes
|move|p1a: Zapdos|Rest|p1a: Zapdos
|-status|p1a: Zapdos|slp
|-heal|p1a: Zapdos|100\/100 slp|[silent]
|-status|p1a: Zapdos|slp|[from] move: Rest
|
|-heal|p2a: wifebeater|39\/100 par|[from] item: Leftovers
|upkeep
|turn|26
|inactive|giara has 270 seconds left.
|
|switch|p1a: Rhydon|Rhydon, M|100\/100
|move|p2a: wifebeater|Rest|p2a: wifebeater
|-status|p2a: wifebeater|slp
|-heal|p2a: wifebeater|100\/100 slp|[silent]
|-status|p2a: wifebeater|slp|[from] move: Rest
|
|upkeep
|turn|27
|
|move|p1a: Rhydon|Curse|p1a: Rhydon
|-unboost|p1a: Rhydon|spe|1
|-boost|p1a: Rhydon|atk|1
|-boost|p1a: Rhydon|def|1
|cant|p2a: wifebeater|slp
|
|upkeep
|turn|28
|inactive|giara has 270 seconds left.
|
|switch|p2a: sink shitter|Heracross, M|100\/100
|-damage|p2a: sink shitter|88\/100|[from] Spikes
|move|p1a: Rhydon|Rock Slide|p2a: sink shitter
|-damage|p2a: sink shitter|40\/100
|
|-heal|p2a: sink shitter|46\/100|[from] item: Leftovers
|upkeep
|turn|29
|inactive|giara has 270 seconds left.
|inactive|giara has 255 seconds left.
|
|move|p2a: sink shitter|Seismic Toss|p1a: Rhydon
|-damage|p1a: Rhydon|76\/100
|move|p1a: Rhydon|Rock Slide|p2a: sink shitter
|-damage|p2a: sink shitter|0 fnt
|faint|p2a: sink shitter
|
|switch|p2a: RET|Cloyster, M|79\/100 tox
|-status|p2a: RET|psn
|-damage|p2a: RET|67\/100 psn|[from] Spikes
|
|-heal|p2a: RET|73\/100 psn|[from] item: Leftovers
|-heal|p1a: Rhydon|82\/100|[from] item: Leftovers
|upkeep
|turn|30
|inactive|LL Chool J has 285 seconds left.
|inactive|giara has 255 seconds left.
|inactive|LL Chool J has 270 seconds left.
|inactive|giara has 240 seconds left.
|
|switch|p1a: Zapdos|Zapdos|100\/100 slp
|move|p2a: RET|Spikes|p1a: Zapdos
|-sidestart|p1: giara|Spikes
|-damage|p2a: RET|61\/100 psn|[from] psn|[of] p1a: Zapdos
|
|-heal|p2a: RET|67\/100 psn|[from] item: Leftovers
|upkeep
|turn|31
|inactive|LL Chool J has 285 seconds left.
|
|cant|p1a: Zapdos|slp
|move|p1a: Zapdos|Sleep Talk|p1a: Zapdos
|move|p1a: Zapdos|Rest|p1a: Zapdos|[from]Sleep Talk
|-fail|p1a: Zapdos
|move|p2a: RET|Surf|p1a: Zapdos
|-crit|p1a: Zapdos
|-damage|p1a: Zapdos|41\/100 slp
|-damage|p2a: RET|54\/100 psn|[from] psn|[of] p1a: Zapdos
|
|-heal|p1a: Zapdos|47\/100 slp|[from] item: Leftovers
|-heal|p2a: RET|60\/100 psn|[from] item: Leftovers
|upkeep
|turn|32
|
|switch|p2a: wifebeater|Snorlax, M|100\/100 slp
|-damage|p2a: wifebeater|88\/100 slp|[from] Spikes
|cant|p1a: Zapdos|slp
|move|p1a: Zapdos|Sleep Talk|p1a: Zapdos
|move|p1a: Zapdos|Rest|p1a: Zapdos|[from]Sleep Talk
|-heal|p1a: Zapdos|100\/100 slp|[silent]
|-status|p1a: Zapdos|slp|[from] move: Rest
|
|-heal|p2a: wifebeater|94\/100 slp|[from] item: Leftovers
|upkeep
|turn|33
|inactive|giara has 255 seconds left.
|
|switch|p1a: Forretress|Forretress, M|68\/100
|-damage|p1a: Forretress|56\/100|[from] Spikes
|cant|p2a: wifebeater|slp
|
|-heal|p1a: Forretress|62\/100|[from] item: Leftovers
|-heal|p2a: wifebeater|99\/100 slp|[from] item: Leftovers
|upkeep
|turn|34
|
|move|p1a: Forretress|Rapid Spin|p2a: wifebeater
|-damage|p2a: wifebeater|97\/100 slp
|-sideend|p1: giara|Spikes|[from] move: Rapid Spin|[of] p1a: Forretress
|-curestatus|p2a: wifebeater|slp|[msg]
|move|p2a: wifebeater|Curse|p2a: wifebeater
|-unboost|p2a: wifebeater|spe|1
|-boost|p2a: wifebeater|atk|1
|-boost|p2a: wifebeater|def|1
|
|-heal|p1a: Forretress|68\/100|[from] item: Leftovers
|-heal|p2a: wifebeater|100\/100|[from] item: Leftovers
|upkeep
|turn|35
|inactive|giara has 255 seconds left.
|inactive|LL Chool J has 285 seconds left.
|
|switch|p2a: RET|Cloyster, M|60\/100 psn
|-damage|p2a: RET|48\/100 psn|[from] Spikes
|-damage|p2a: RET|36\/100 psn|[from] psn
|move|p1a: Forretress|Toxic|p2a: RET
|-fail|p2a: RET
|
|-heal|p2a: RET|42\/100 psn|[from] item: Leftovers
|-heal|p1a: Forretress|75\/100|[from] item: Leftovers
|upkeep
|turn|36
|inactive|giara has 255 seconds left.
|
|move|p2a: RET|Surf|p1a: Forretress
|-damage|p1a: Forretress|33\/100
|-damage|p2a: RET|30\/100 psn|[from] psn|[of] p1a: Forretress
|move|p1a: Forretress|Rapid Spin|p2a: RET
|-damage|p2a: RET|26\/100 psn
|
|-heal|p2a: RET|32\/100 psn|[from] item: Leftovers
|-heal|p1a: Forretress|39\/100|[from] item: Leftovers
|upkeep
|turn|37
|inactive|giara has 240 seconds left.
|
|switch|p1a: Exeggutor|Exeggutor, M|29\/100 par
|move|p2a: RET|Spikes|p1a: Exeggutor
|-sidestart|p1: giara|Spikes
|-damage|p2a: RET|20\/100 psn|[from] psn|[of] p1a: Exeggutor
|
|-heal|p2a: RET|26\/100 psn|[from] item: Leftovers
|-heal|p1a: Exeggutor|35\/100 par|[from] item: Leftovers
|upkeep
|turn|38
|inactive|LL Chool J has 285 seconds left.
|
|move|p2a: RET|Explosion|p1a: Exeggutor
|-damage|p1a: Exeggutor|0 fnt
|faint|p1a: Exeggutor
|faint|p2a: RET
|inactive|giara has 240 seconds left.
|inactive|giara has 225 seconds left.
|inactive|giara has 210 seconds left.
|inactive|giara has 195 seconds left.
|inactive|giara has 180 seconds left.
|inactive|giara has 165 seconds left.
|
|switch|p2a: FUCKING OCEAN|Tentacruel, M|100\/100
|switch|p1a: Forretress|Forretress, M|39\/100
|-damage|p2a: FUCKING OCEAN|88\/100|[from] Spikes
|-damage|p1a: Forretress|26\/100|[from] Spikes
|
|-heal|p2a: FUCKING OCEAN|94\/100|[from] item: Leftovers
|-heal|p1a: Forretress|33\/100|[from] item: Leftovers
|upkeep
|turn|39
|inactive|giara has 150 seconds left.
|inactive|LL Chool J has 285 seconds left.
|
|move|p2a: FUCKING OCEAN|Substitute|p2a: FUCKING OCEAN
|-start|p2a: FUCKING OCEAN|Substitute
|-damage|p2a: FUCKING OCEAN|69\/100
|move|p1a: Forretress|Explosion|p2a: FUCKING OCEAN
|-end|p2a: FUCKING OCEAN|Substitute
|faint|p1a: Forretress
|
|switch|p1a: Espeon|Espeon, M|100\/100
|-damage|p1a: Espeon|88\/100|[from] Spikes
|
|-heal|p1a: Espeon|94\/100|[from] item: Leftovers
|-heal|p2a: FUCKING OCEAN|75\/100|[from] item: Leftovers
|upkeep
|turn|40
|inactive|giara has 135 seconds left.
|
|switch|p2a: wifebeater|Snorlax, M|100\/100
|-damage|p2a: wifebeater|88\/100|[from] Spikes
|move|p1a: Espeon|Growth|p1a: Espeon
|-boost|p1a: Espeon|spa|1
|
|-heal|p1a: Espeon|99\/100|[from] item: Leftovers
|-heal|p2a: wifebeater|94\/100|[from] item: Leftovers
|upkeep
|turn|41
|inactive|LL Chool J has 285 seconds left.
|inactive|LL Chool J has 270 seconds left.
|
|move|p1a: Espeon|Substitute|p1a: Espeon
|-start|p1a: Espeon|Substitute
|-damage|p1a: Espeon|75\/100
|move|p2a: wifebeater|Curse|p2a: wifebeater
|-unboost|p2a: wifebeater|spe|1
|-boost|p2a: wifebeater|atk|1
|-boost|p2a: wifebeater|def|1
|
|-heal|p1a: Espeon|81\/100|[from] item: Leftovers
|-heal|p2a: wifebeater|99\/100|[from] item: Leftovers
|upkeep
|turn|42
|
|move|p1a: Espeon|Baton Pass|p1a: Espeon
|
|switch|p1a: Rhydon|Rhydon, M|82\/100
|-damage|p1a: Rhydon|70\/100|[from] Spikes
|move|p2a: wifebeater|Double-Edge|p1a: Rhydon
|-resisted|p1a: Rhydon
|-end|p1a: Rhydon|Substitute
|-damage|p2a: wifebeater|96\/100|[from] Recoil|[of] p1a: Rhydon
|
|-heal|p1a: Rhydon|76\/100|[from] item: Leftovers
|-heal|p2a: wifebeater|100\/100|[from] item: Leftovers
|upkeep
|turn|43
|inactive|giara has 150 seconds left.
|inactive|giara has 135 seconds left.
|inactive|LL Chool J has 285 seconds left.
|inactive|giara has 120 seconds left.
|inactive|giara has 105 seconds left.
|inactive|LL Chool J has 270 seconds left.
|
|move|p1a: Rhydon|Rock Slide|p2a: wifebeater
|-damage|p2a: wifebeater|84\/100
|move|p2a: wifebeater|Double-Edge|p1a: Rhydon
|-resisted|p1a: Rhydon
|-damage|p1a: Rhydon|52\/100
|-damage|p2a: wifebeater|79\/100|[from] Recoil|[of] p1a: Rhydon
|
|-heal|p1a: Rhydon|58\/100|[from] item: Leftovers
|-heal|p2a: wifebeater|86\/100|[from] item: Leftovers
|upkeep
|turn|44
|inactive|giara has 105 seconds left.
|
|move|p1a: Rhydon|Earthquake|p2a: wifebeater
|-damage|p2a: wifebeater|61\/100
|move|p2a: wifebeater|Lovely Kiss|p1a: Rhydon
|-status|p1a: Rhydon|slp
|
|-heal|p1a: Rhydon|64\/100 slp|[from] item: Leftovers
|-heal|p2a: wifebeater|67\/100|[from] item: Leftovers
|upkeep
|turn|45
|
|move|p2a: wifebeater|Double-Edge|p1a: Rhydon
|-resisted|p1a: Rhydon
|-damage|p1a: Rhydon|41\/100 slp
|-damage|p2a: wifebeater|63\/100|[from] Recoil|[of] p1a: Rhydon
|cant|p1a: Rhydon|slp
|
|-heal|p1a: Rhydon|47\/100 slp|[from] item: Leftovers
|-heal|p2a: wifebeater|69\/100|[from] item: Leftovers
|upkeep
|turn|46
|
|move|p2a: wifebeater|Double-Edge|p1a: Rhydon
|-resisted|p1a: Rhydon
|-damage|p1a: Rhydon|25\/100 slp
|-damage|p2a: wifebeater|65\/100|[from] Recoil|[of] p1a: Rhydon
|cant|p1a: Rhydon|slp
|
|-heal|p1a: Rhydon|31\/100 slp|[from] item: Leftovers
|-heal|p2a: wifebeater|71\/100|[from] item: Leftovers
|upkeep
|turn|47
|
|move|p2a: wifebeater|Double-Edge|p1a: Rhydon
|-resisted|p1a: Rhydon
|-damage|p1a: Rhydon|7\/100 slp
|-damage|p2a: wifebeater|66\/100|[from] Recoil|[of] p1a: Rhydon
|-curestatus|p1a: Rhydon|slp|[msg]
|move|p1a: Rhydon|Roar|p2a: wifebeater
|drag|p2a: fucking brown man|Rhydon, M|86\/100
|-damage|p2a: fucking brown man|74\/100|[from] Spikes
|
|-heal|p2a: fucking brown man|80\/100|[from] item: Leftovers
|-heal|p1a: Rhydon|13\/100|[from] item: Leftovers
|upkeep
|turn|48
|
|move|p2a: fucking brown man|Earthquake|p1a: Rhydon
|-supereffective|p1a: Rhydon
|-damage|p1a: Rhydon|0 fnt
|faint|p1a: Rhydon
|inactive|giara has 135 seconds left.
|
|switch|p1a: Espeon|Espeon, M|81\/100
|-damage|p1a: Espeon|69\/100|[from] Spikes
|
|-heal|p1a: Espeon|75\/100|[from] item: Leftovers
|-heal|p2a: fucking brown man|86\/100|[from] item: Leftovers
|upkeep
|turn|49
|
|move|p1a: Espeon|Psychic|p2a: fucking brown man
|-damage|p2a: fucking brown man|38\/100
|move|p2a: fucking brown man|Earthquake|p1a: Espeon
|-damage|p1a: Espeon|13\/100
|
|-heal|p1a: Espeon|19\/100|[from] item: Leftovers
|-heal|p2a: fucking brown man|44\/100|[from] item: Leftovers
|upkeep
|turn|50
|
|move|p1a: Espeon|Psychic|p2a: fucking brown man
|-damage|p2a: fucking brown man|0 fnt
|faint|p2a: fucking brown man
|
|switch|p2a: ISYN|Raikou|83\/100 slp
|-damage|p2a: ISYN|70\/100 slp|[from] Spikes
|
|-heal|p2a: ISYN|76\/100 slp|[from] item: Leftovers
|-heal|p1a: Espeon|25\/100|[from] item: Leftovers
|upkeep
|turn|51
|inactive|giara has 165 seconds left.
|
|cant|p2a: ISYN|slp
|move|p2a: ISYN|Sleep Talk|p2a: ISYN
|move|p2a: ISYN|Rest|p2a: ISYN|[from]Sleep Talk
|-heal|p2a: ISYN|100\/100 slp|[silent]
|-status|p2a: ISYN|slp|[from] move: Rest
|move|p1a: Espeon|Growth|p1a: Espeon
|-boost|p1a: Espeon|spa|1
|
|-heal|p1a: Espeon|31\/100|[from] item: Leftovers
|upkeep
|turn|52
|inactive|giara has 165 seconds left.
|inactive|giara has 150 seconds left.
|
|cant|p2a: ISYN|slp
|move|p2a: ISYN|Sleep Talk|p2a: ISYN
|move|p2a: ISYN|Thunder|p1a: Espeon|[from]Sleep Talk
|-damage|p1a: Espeon|0 fnt
|faint|p1a: Espeon
|
|switch|p1a: Zapdos|Zapdos|100\/100 slp
|
|upkeep
|turn|53
|c|☆giara|gg
|inactive|giara has 150 seconds left.
|
|cant|p2a: ISYN|slp
|cant|p1a: Zapdos|slp
|move|p1a: Zapdos|Sleep Talk|p1a: Zapdos
|move|p1a: Zapdos|Hidden Power|p2a: ISYN|[from]Sleep Talk
|-damage|p2a: ISYN|84\/100 slp
|
|-heal|p2a: ISYN|90\/100 slp|[from] item: Leftovers
|upkeep
|turn|54
|inactive|giara has 150 seconds left.
|c|☆LL Chool J|gg, sorry for the breaks I got
|
|-curestatus|p2a: ISYN|slp|[msg]
|move|p2a: ISYN|Thunder|p1a: Zapdos
|-damage|p1a: Zapdos|57\/100 slp
|cant|p1a: Zapdos|slp
|move|p1a: Zapdos|Sleep Talk|p1a: Zapdos
|move|p1a: Zapdos|Hidden Power|p2a: ISYN|[from]Sleep Talk
|-damage|p2a: ISYN|72\/100
|
|-heal|p2a: ISYN|78\/100|[from] item: Leftovers
|-heal|p1a: Zapdos|63\/100 slp|[from] item: Leftovers
|upkeep
|turn|55
|
|move|p2a: ISYN|Hidden Power|p1a: Zapdos
|-supereffective|p1a: Zapdos
|-damage|p1a: Zapdos|26\/100 slp
|-curestatus|p1a: Zapdos|slp|[msg]
|move|p1a: Zapdos|Rest|p1a: Zapdos
|-status|p1a: Zapdos|slp
|-heal|p1a: Zapdos|100\/100 slp|[silent]
|-status|p1a: Zapdos|slp|[from] move: Rest
|
|-heal|p2a: ISYN|84\/100|[from] item: Leftovers
|upkeep
|turn|56
|
|move|p2a: ISYN|Hidden Power|p1a: Zapdos
|-crit|p1a: Zapdos
|-supereffective|p1a: Zapdos
|-damage|p1a: Zapdos|36\/100 slp
|cant|p1a: Zapdos|slp
|move|p1a: Zapdos|Sleep Talk|p1a: Zapdos
|move|p1a: Zapdos|Thunder|p2a: ISYN|[from]Sleep Talk
|-crit|p2a: ISYN
|-resisted|p2a: ISYN
|-damage|p2a: ISYN|45\/100
|-status|p2a: ISYN|par
|
|-heal|p1a: Zapdos|42\/100 slp|[from] item: Leftovers
|-heal|p2a: ISYN|51\/100 par|[from] item: Leftovers
|upkeep
|turn|57
|
|cant|p1a: Zapdos|slp
|move|p1a: Zapdos|Sleep Talk|p1a: Zapdos
|move|p1a: Zapdos|Hidden Power|p2a: ISYN|[from]Sleep Talk
|-damage|p2a: ISYN|35\/100 par
|move|p2a: ISYN|Hidden Power|p1a: Zapdos
|-supereffective|p1a: Zapdos
|-damage|p1a: Zapdos|9\/100 slp
|
|-heal|p1a: Zapdos|15\/100 slp|[from] item: Leftovers
|-heal|p2a: ISYN|41\/100 par|[from] item: Leftovers
|upkeep
|turn|58
|inactive|giara has 180 seconds left.
|
|-curestatus|p1a: Zapdos|slp|[msg]
|move|p1a: Zapdos|Rest|p1a: Zapdos
|-status|p1a: Zapdos|slp
|-heal|p1a: Zapdos|100\/100 slp|[silent]
|-status|p1a: Zapdos|slp|[from] move: Rest
|move|p2a: ISYN|Rest|p2a: ISYN
|-status|p2a: ISYN|slp
|-heal|p2a: ISYN|100\/100 slp|[silent]
|-status|p2a: ISYN|slp|[from] move: Rest
|
|upkeep
|turn|59
|
|cant|p2a: ISYN|slp
|cant|p1a: Zapdos|slp
|move|p1a: Zapdos|Sleep Talk|p1a: Zapdos
|move|p1a: Zapdos|Thunder|p2a: ISYN|[from]Sleep Talk|[miss]
|-miss|p1a: Zapdos
|
|upkeep
|turn|60
|inactive|giara has 195 seconds left.
|inactive|giara has 180 seconds left.
|
|cant|p2a: ISYN|slp
|cant|p1a: Zapdos|slp
|move|p1a: Zapdos|Sleep Talk|p1a: Zapdos
|move|p1a: Zapdos|Rest|p1a: Zapdos|[from]Sleep Talk
|-fail|p1a: Zapdos
|
|upkeep
|turn|61
|inactive|LL Chool J has 285 seconds left.
|
|-curestatus|p2a: ISYN|slp|[msg]
|move|p2a: ISYN|Hidden Power|p1a: Zapdos
|-supereffective|p1a: Zapdos
|-damage|p1a: Zapdos|64\/100 slp
|-curestatus|p1a: Zapdos|slp|[msg]
|move|p1a: Zapdos|Thunder|p2a: ISYN
|-crit|p2a: ISYN
|-resisted|p2a: ISYN
|-damage|p2a: ISYN|61\/100
|
|-heal|p2a: ISYN|67\/100|[from] item: Leftovers
|-heal|p1a: Zapdos|70\/100|[from] item: Leftovers
|upkeep
|turn|62
|inactive|giara has 180 seconds left.
|
|move|p2a: ISYN|Thunder|p1a: Zapdos
|-damage|p1a: Zapdos|28\/100
|move|p1a: Zapdos|Thunder|p2a: ISYN
|-resisted|p2a: ISYN
|-damage|p2a: ISYN|47\/100
|
|-heal|p2a: ISYN|53\/100|[from] item: Leftovers
|-heal|p1a: Zapdos|34\/100|[from] item: Leftovers
|upkeep
|turn|63
|
|move|p2a: ISYN|Hidden Power|p1a: Zapdos
|-supereffective|p1a: Zapdos
|-damage|p1a: Zapdos|0 fnt
|faint|p1a: Zapdos
|
|win|LL Chool J
</script>
</div>
<div class="battle-log battle-log-inline"><div class="inner"><div class="battle-options"></div><div class="inner"><div class="chat message-error">Battle timer is ON: inactive players will automatically lose when time's up.</div><div class=""><small>Format:</small> <br><strong>[Gen 2] OU</strong></div><div class=""><small><em>Sleep Clause Mod:</em> Limit one foe put to sleep</small></div><div class=""><small><em>Species Clause:</em> Limit one of each Pokémon</small></div><div class=""><small><em>OHKO Clause:</em> OHKO moves are banned</small></div><div class=""><small><em>Evasion Moves Clause:</em> Evasion moves are banned</small></div><div class=""><small><em>HP Percentage Mod:</em> HP is shown in percentages</small></div><div class="spacer battle-history"><br></div><div class="battle-history">Battle started between giara and LL Chool J!<br></div><div class="spacer battle-history"><br></div><div class="battle-history">Go! <strong>Zapdos</strong>!<br></div><div class="spacer battle-history"><br></div><div class="battle-history">LL Chool J sent out wifebeater (<strong>Snorlax</strong>)!<br></div><div class="spacer battle-history"><br></div><h2 class="battle-history">Turn 1</h2><div class="chat"><div class="broadcast-red"><strong>Moderated chat was set to @!</strong><br>Only users of rank @ and higher can talk.</div></div><div class="chat message-error">giara has 285 seconds left.</div><div class="chat chatmessage-giara"><strong style="color:#c43694"><small>☆</small><span class="username" data-name="giara">giara</span>:</strong> <em>hf</em></div><div class="spacer battle-history"><br></div><div class="battle-history">Zapdos used <strong>Thunder</strong>!<br></div><div class="battle-history"><small>(The opposing wifebeater lost 30% of its health!)</small><br></div><div class="battle-history"><small>The opposing wifebeater is paralyzed! It may be unable to move!</small><br></div><div class="spacer battle-history"><br></div><div class="battle-history">The opposing wifebeater used <strong>Double-Edge</strong>!<br></div><div class="battle-history"><small>(Zapdos lost 41% of its health!)</small><br></div><div class="battle-history"><small>The opposing wifebeater was damaged by the recoil!</small><br></div><div class="spacer battle-history"><br></div><div class="battle-history"><small>Zapdos restored a little HP using its Leftovers!</small><br></div><div class="battle-history"><small>The opposing wifebeater restored a little HP using its Leftovers!</small><br></div><div class="spacer battle-history"><br></div><h2 class="battle-history">Turn 2</h2><div class="chat message-error">giara has 285 seconds left.</div><div class="chat message-error">giara has 270 seconds left.</div><div class="chat message-error">giara has 255 seconds left.</div><div class="spacer battle-history"><br></div><div class="battle-history">Zapdos used <strong>Thunder</strong>!<br></div><div class="battle-history"><small>(The opposing wifebeater lost 29% of its health!)</small><br></div><div class="spacer battle-history"><br></div><div class="battle-history">The opposing wifebeater used <strong>Lovely Kiss</strong>!<br></div><div class="battle-history"><small>Zapdos fell asleep!</small><br></div><div class="spacer battle-history"><br></div><div class="battle-history"><small>Zapdos restored a little HP using its Leftovers!</small><br></div><div class="battle-history"><small>The opposing wifebeater restored a little HP using its Leftovers!</small><br></div><div class="spacer battle-history"><br></div><h2 class="battle-history">Turn 3</h2><div class="chat message-error">giara has 255 seconds left.</div><div class="spacer battle-history"><br></div><div class="battle-history">Zapdos, come back!<br></div><div class="battle-history">Go! <strong>Forretress</strong>!<br></div><div class="spacer battle-history"><br></div><div class="battle-history">LL Chool J withdrew wifebeater!<br></div><div class="battle-history">LL Chool J sent out ISYN (<strong>Raikou</strong>)!<br></div><div class="spacer battle-history"><br></div><h2 class="battle-history">Turn 4</h2><div class="chat message-error">giara has 255 seconds left.</div><div class="spacer battle-history"><br></div><div class="battle-history">Forretress, come back!<br></div><div class="battle-history">Go! <strong>Snorlax</strong>!<br></div><div class="spacer battle-history"><br></div><div class="battle-history">The opposing ISYN used <strong>Thunder</strong>!<br></div><div class="battle-history"><small>(Snorlax lost 27% of its health!)</small><br></div><div class="spacer battle-history"><br></div><div class="battle-history"><small>Snorlax restored a little HP using its Leftovers!</small><br></div><div class="spacer battle-history"><br></div><h2 class="battle-history">Turn 5</h2><div class="spacer battle-history"><br></div><div class="battle-history">LL Chool J withdrew ISYN!<br></div><div class="battle-history">LL Chool J sent out RET (<strong>Cloyster</strong>)!<br></div><div class="spacer battle-history"><br></div><div class="battle-history">Snorlax used <strong>Double-Edge</strong>!<br></div><div class="battle-history"><small>(The opposing RET lost 30% of its health!)</small><br></div><div class="battle-history"><small>Snorlax was damaged by the recoil!</small><br></div><div class="spacer battle-history"><br></div><div class="battle-history"><small>The opposing RET restored a little HP using its Leftovers!</small><br></div><div class="battle-history"><small>Snorlax restored a little HP using its Leftovers!</small><br></div><div class="spacer battle-history"><br></div><h2 class="battle-history">Turn 6</h2><div class="spacer battle-history"><br></div><div class="battle-history">LL Chool J withdrew RET!<br></div><div class="battle-history">LL Chool J sent out fucking brown man (<strong>Rhydon</strong>)!<br></div><div class="spacer battle-history"><br></div><div class="battle-history">Snorlax used <strong>Curse</strong>!<br></div><div class="battle-history"><small>Snorlax's Speed fell!</small><br></div><div class="battle-history"><small>Snorlax's Attack rose!</small><br></div><div class="battle-history"><small>Snorlax's Defense rose!</small><br></div><div class="spacer battle-history"><br></div><div class="battle-history"><small>Snorlax restored a little HP using its Leftovers!</small><br></div><div class="spacer battle-history"><br></div><h2 class="battle-history">Turn 7</h2><div class="spacer battle-history"><br></div><div class="battle-history">The opposing fucking brown man used <strong>Curse</strong>!<br></div><div class="battle-history"><small>The opposing fucking brown man's Speed fell!</small><br></div><div class="battle-history"><small>The opposing fucking brown man's Attack rose!</small><br></div><div class="battle-history"><small>The opposing fucking brown man's Defense rose!</small><br></div><div class="spacer battle-history"><br></div><div class="battle-history">Snorlax used <strong>Double-Edge</strong>!<br></div><div class="battle-history"><small>A critical hit!</small><br></div><div class="battle-history"><small>It's not very effective...</small><br></div><div class="battle-history"><small>(The opposing fucking brown man lost 32% of its health!)</small><br></div><div class="battle-history"><small>Snorlax was damaged by the recoil!</small><br></div><div class="spacer battle-history"><br></div><div class="battle-history"><small>The opposing fucking brown man restored a little HP using its Leftovers!</small><br></div><div class="battle-history"><small>Snorlax restored a little HP using its Leftovers!</small><br></div><div class="spacer battle-history"><br></div><h2 class="battle-history">Turn 8</h2><div class="chat message-error">giara has 270 seconds left.</div><div class="spacer battle-history"><br></div><div class="battle-history">The opposing fucking brown man used <strong>Earthquake</strong>!<br></div><div class="battle-history"><small>(Snorlax lost 34% of its health!)</small><br></div><div class="spacer battle-history"><br></div><div class="battle-history">Snorlax used <strong>Lovely Kiss</strong>!<br></div><div class="battle-history"><small>Snorlax's attack missed!</small><br></div><div class="spacer battle-history"><br></div><div class="battle-history"><small>The opposing fucking brown man restored a little HP using its Leftovers!</small><br></div><div class="battle-history"><small>Snorlax restored a little HP using its Leftovers!</small><br></div><div class="spacer battle-history"><br></div><h2 class="battle-history">Turn 9</h2><div class="chat message-error">giara has 270 seconds left.</div><div class="chat message-error">LL Chool J has 285 seconds left.</div><div class="spacer battle-history"><br></div><div class="battle-history">The opposing fucking brown man used <strong>Earthquake</strong>!<br></div><div class="battle-history"><small>A critical hit!</small><br></div><div class="battle-history"><small>(Snorlax lost 59% of its health!)</small><br></div><div class="spacer battle-history"><br></div><div class="battle-history">Snorlax fainted!<br></div><div class="chat message-error">giara has 270 seconds left.</div><div class="spacer battle-history"><br></div><div class="battle-history">Go! <strong>Exeggutor</strong>!<br></div><div class="spacer battle-history"><br></div><div class="battle-history"><small>The opposing fucking brown man restored a little HP using its Leftovers!</small><br></div><div class="spacer battle-history"><br></div><h2 class="battle-history">Turn 10</h2><div class="chat message-error">giara has 270 seconds left.</div><div class="spacer battle-history"><br></div><div class="battle-history">LL Chool J withdrew fucking brown man!<br></div><div class="battle-history">LL Chool J sent out ISYN (<strong>Raikou</strong>)!<br></div><div class="spacer battle-history"><br></div><div class="battle-history">Exeggutor used <strong>Psychic</strong>!<br></div><div class="battle-history"><small>(The opposing ISYN lost 34% of its health!)</small><br></div><div class="spacer battle-history"><br></div><div class="battle-history"><small>The opposing ISYN restored a little HP using its Leftovers!</small><br></div><div class="spacer battle-history"><br></div><h2 class="battle-history">Turn 11</h2><div class="spacer battle-history"><br></div><div class="battle-history">The opposing ISYN used <strong>Thunder</strong>!<br></div><div class="battle-history"><small>It's not very effective...</small><br></div><div class="battle-history"><small>(Exeggutor lost 26% of its health!)</small><br></div><div class="battle-history"><small>Exeggutor is paralyzed! It may be unable to move!</small><br></div><div class="spacer battle-history"><br></div><div class="battle-history">Exeggutor used <strong>Stun Spore</strong>!<br></div><div class="battle-history"><small>The opposing ISYN is paralyzed! It may be unable to move!</small><br></div><div class="spacer battle-history"><br></div><div class="battle-history"><small>The opposing ISYN restored a little HP using its Leftovers!</small><br></div><div class="battle-history"><small>Exeggutor restored a little HP using its Leftovers!</small><br></div><div class="spacer battle-history"><br></div><h2 class="battle-history">Turn 12</h2><div class="chat message-error">giara has 270 seconds left.</div><div class="chat message-error">giara has 255 seconds left.</div><div class="spacer battle-history"><br></div><div class="battle-history">The opposing ISYN used <strong>Hidden Power</strong>!<br></div><div class="battle-history"><small>It's super effective!</small><br></div><div class="battle-history"><small>(Exeggutor lost 41% of its health!)</small><br></div><div class="spacer battle-history"><br></div><div class="battle-history">Exeggutor used <strong>Psychic</strong>!<br></div><div class="battle-history"><small>(The opposing ISYN lost 33% of its health!)</small><br></div><div class="spacer battle-history"><br></div><div class="battle-history"><small>The opposing ISYN restored a little HP using its Leftovers!</small><br></div><div class="battle-history"><small>Exeggutor restored a little HP using its Leftovers!</small><br></div><div class="spacer battle-history"><br></div><h2 class="battle-history">Turn 13</h2><div class="chat message-error">giara has 255 seconds left.</div><div class="spacer battle-history"><br></div><div class="battle-history">Exeggutor, come back!<br></div><div class="battle-history">Go! <strong>Forretress</strong>!<br></div><div class="spacer battle-history"><br></div><div class="battle-history">The opposing ISYN used <strong>Rest</strong>!<br></div><div class="battle-history"><small>The opposing ISYN fell asleep!</small><br></div><div class="battle-history"><small>The opposing ISYN slept and became healthy!</small><br></div><div class="spacer battle-history"><br></div><h2 class="battle-history">Turn 14</h2><div class="spacer battle-history"><br></div><div class="battle-history">LL Chool J withdrew ISYN!<br></div><div class="battle-history">LL Chool J sent out RET (<strong>Cloyster</strong>)!<br></div><div class="spacer battle-history"><br></div><div class="battle-history">Forretress used <strong>Spikes</strong>!<br></div><div class="battle-history"><small>Spikes were scattered on the ground all around the opposing team!</small><br></div><div class="spacer battle-history"><br></div><div class="battle-history"><small>The opposing RET restored a little HP using its Leftovers!</small><br></div><div class="spacer battle-history"><br></div><h2 class="battle-history">Turn 15</h2><div class="spacer battle-history"><br></div><div class="battle-history">The opposing RET used <strong>Spikes</strong>!<br></div><div class="battle-history"><small>Spikes were scattered on the ground all around your team!</small><br></div><div class="spacer battle-history"><br></div><div class="battle-history">Forretress used <strong>Toxic</strong>!<br></div><div class="battle-history"><small>The opposing RET was badly poisoned!</small><br></div><div class="spacer battle-history"><br></div><div class="battle-history"><small>The opposing RET restored a little HP using its Leftovers!</small><br></div><div class="spacer battle-history"><br></div><h2 class="battle-history">Turn 16</h2><div class="spacer battle-history"><br></div><div class="battle-history">The opposing RET used <strong>Surf</strong>!<br></div><div class="battle-history"><small>(Forretress lost 38% of its health!)</small><br></div><div class="battle-history"><small>The opposing RET was hurt by poison!</small><br></div><div class="spacer battle-history"><br></div><div class="battle-history">Forretress used <strong>Rapid Spin</strong>!<br></div><div class="battle-history"><small>(The opposing RET lost 3% of its health!)</small><br></div><div class="battle-history"><small>The spikes disappeared from the ground around your team!</small><br></div><div class="spacer battle-history"><br></div><div class="battle-history"><small>The opposing RET restored a little HP using its Leftovers!</small><br></div><div class="battle-history"><small>Forretress restored a little HP using its Leftovers!</small><br></div><div class="spacer battle-history"><br></div><h2 class="battle-history">Turn 17</h2><div class="spacer battle-history"><br></div><div class="battle-history">Forretress, come back!<br></div><div class="battle-history">Go! <strong>Exeggutor</strong>!<br></div><div class="spacer battle-history"><br></div><div class="battle-history">The opposing RET used <strong>Surf</strong>!<br></div><div class="battle-history"><small>It's not very effective...</small><br></div><div class="battle-history"><small>(Exeggutor lost 15% of its health!)</small><br></div><div class="battle-history"><small>The opposing RET was hurt by poison!</small><br></div><div class="spacer battle-history"><br></div><div class="battle-history"><small>The opposing RET restored a little HP using its Leftovers!</small><br></div><div class="battle-history"><small>Exeggutor restored a little HP using its Leftovers!</small><br></div><div class="spacer battle-history"><br></div><h2 class="battle-history">Turn 18</h2><div class="spacer battle-history"><br></div><div class="battle-history">LL Chool J withdrew RET!<br></div><div class="battle-history">LL Chool J sent out sink shitter (<strong>Heracross</strong>)!<br></div><div class="battle-history"><small>The opposing sink shitter was hurt by the spikes!</small><br></div><div class="spacer battle-history"><br></div><div class="battle-history">Exeggutor is paralyzed! It can't move!<br></div><div class="spacer battle-history"><br></div><div class="battle-history"><small>The opposing sink shitter restored a little HP using its Leftovers!</small><br></div><div class="battle-history"><small>Exeggutor restored a little HP using its Leftovers!</small><br></div><div class="spacer battle-history"><br></div><h2 class="battle-history">Turn 19</h2><div class="spacer battle-history"><br></div><div class="battle-history">Exeggutor, come back!<br></div><div class="battle-history">Go! <strong>Zapdos</strong>!<br></div><div class="spacer battle-history"><br></div><div class="battle-history">The opposing sink shitter used <strong>Seismic Toss</strong>!<br></div><div class="battle-history"><small>(Zapdos lost 26% of its health!)</small><br></div><div class="spacer battle-history"><br></div><div class="battle-history"><small>Zapdos restored a little HP using its Leftovers!</small><br></div><div class="battle-history"><small>The opposing sink shitter restored a little HP using its Leftovers!</small><br></div><div class="spacer battle-history"><br></div><h2 class="battle-history">Turn 20</h2><div class="spacer battle-history"><br></div><div class="battle-history">LL Chool J withdrew sink shitter!<br></div><div class="battle-history">LL Chool J sent out ISYN (<strong>Raikou</strong>)!<br></div><div class="battle-history"><small>The opposing ISYN was hurt by the spikes!</small><br></div><div class="spacer battle-history"><br></div><div class="battle-history">Zapdos is fast asleep.<br></div><div class="spacer battle-history"><br></div><div class="battle-history">Zapdos used <strong>Sleep Talk</strong>!<br></div><div class="spacer battle-history"><br></div><div class="battle-history">Zapdos used <strong>Hidden Power</strong>!<br></div><div class="battle-history"><small>(The opposing ISYN lost 17% of its health!)</small><br></div><div class="spacer battle-history"><br></div><div class="battle-history"><small>The opposing ISYN restored a little HP using its Leftovers!</small><br></div><div class="battle-history"><small>Zapdos restored a little HP using its Leftovers!</small><br></div><div class="spacer battle-history"><br></div><h2 class="battle-history">Turn 21</h2><div class="chat message-error">giara has 285 seconds left.</div><div class="chat message-error">giara has 270 seconds left.</div><div class="chat message-error">giara has 255 seconds left.</div><div class="chat message-error">giara has 240 seconds left.</div><div class="spacer battle-history"><br></div><div class="battle-history">Zapdos, come back!<br></div><div class="battle-history">Go! <strong>Exeggutor</strong>!<br></div><div class="spacer battle-history"><br></div><div class="battle-history">The opposing ISYN is fast asleep.<br></div><div class="spacer battle-history"><br></div><div class="battle-history">The opposing ISYN used <strong>Sleep Talk</strong>!<br></div><div class="spacer battle-history"><br></div><div class="battle-history">The opposing ISYN used <strong>Thunder</strong>!<br></div><div class="battle-history"><small>It's not very effective...</small><br></div><div class="battle-history"><small>(Exeggutor lost 25% of its health!)</small><br></div><div class="spacer battle-history"><br></div><div class="battle-history"><small>The opposing ISYN restored a little HP using its Leftovers!</small><br></div><div class="battle-history"><small>Exeggutor restored a little HP using its Leftovers!</small><br></div><div class="spacer battle-history"><br></div><h2 class="battle-history">Turn 22</h2><div class="chat message-error">giara has 255 seconds left.</div><div class="chat message-error">LL Chool J has 285 seconds left.</div><div class="spacer battle-history"><br></div><div class="battle-history">LL Chool J withdrew ISYN!<br></div><div class="battle-history">LL Chool J sent out sink shitter (<strong>Heracross</strong>)!<br></div><div class="battle-history"><small>The opposing sink shitter was hurt by the spikes!</small><br></div><div class="spacer battle-history"><br></div><div class="battle-history">Exeggutor is paralyzed! It can't move!<br></div><div class="spacer battle-history"><br></div><div class="battle-history"><small>The opposing sink shitter restored a little HP using its Leftovers!</small><br></div><div class="battle-history"><small>Exeggutor restored a little HP using its Leftovers!</small><br></div><div class="spacer battle-history"><br></div><h2 class="battle-history">Turn 23</h2><div class="chat message-error">giara has 255 seconds left.</div><div class="chat message-error">LL Chool J has 285 seconds left.</div><div class="spacer battle-history"><br></div><div class="battle-history">Exeggutor, come back!<br></div><div class="battle-history">Go! <strong>Zapdos</strong>!<br></div><div class="spacer battle-history"><br></div><div class="battle-history">The opposing sink shitter used <strong>Seismic Toss</strong>!<br></div><div class="battle-history"><small>(Zapdos lost 26% of its health!)</small><br></div><div class="spacer battle-history"><br></div><div class="battle-history"><small>Zapdos restored a little HP using its Leftovers!</small><br></div><div class="battle-history"><small>The opposing sink shitter restored a little HP using its Leftovers!</small><br></div><div class="spacer battle-history"><br></div><h2 class="battle-history">Turn 24</h2><div class="spacer battle-history"><br></div><div class="battle-history"><small>Zapdos woke up!</small><br></div><div class="spacer battle-history"><br></div><div class="battle-history">Zapdos used <strong>Sleep Talk</strong>!<br></div><div class="battle-history"><small>But it failed!</small><br></div><div class="spacer battle-history"><br></div><div class="battle-history">The opposing sink shitter used <strong>Seismic Toss</strong>!<br></div><div class="battle-history"><small>(Zapdos lost 27% of its health!)</small><br></div><div class="spacer battle-history"><br></div><div class="battle-history"><small>Zapdos restored a little HP using its Leftovers!</small><br></div><div class="battle-history"><small>The opposing sink shitter restored a little HP using its Leftovers!</small><br></div><div class="spacer battle-history"><br></div><h2 class="battle-history">Turn 25</h2><div class="spacer battle-history"><br></div><div class="battle-history">LL Chool J withdrew sink shitter!<br></div><div class="battle-history">LL Chool J sent out wifebeater (<strong>Snorlax</strong>)!<br></div><div class="battle-history"><small>The opposing wifebeater was hurt by the spikes!</small><br></div><div class="spacer battle-history"><br></div><div class="battle-history">Zapdos used <strong>Rest</strong>!<br></div><div class="battle-history"><small>Zapdos fell asleep!</small><br></div><div class="battle-history"><small>Zapdos slept and became healthy!</small><br></div><div class="spacer battle-history"><br></div><div class="battle-history"><small>The opposing wifebeater restored a little HP using its Leftovers!</small><br></div><div class="spacer battle-history"><br></div><h2 class="battle-history">Turn 26</h2><div class="chat message-error">giara has 270 seconds left.</div><div class="spacer battle-history"><br></div><div class="battle-history">Zapdos, come back!<br></div><div class="battle-history">Go! <strong>Rhydon</strong>!<br></div><div class="spacer battle-history"><br></div><div class="battle-history">The opposing wifebeater used <strong>Rest</strong>!<br></div><div class="battle-history"><small>The opposing wifebeater fell asleep!</small><br></div><div class="battle-history"><small>The opposing wifebeater slept and became healthy!</small><br></div><div class="spacer battle-history"><br></div><h2 class="battle-history">Turn 27</h2><div class="spacer battle-history"><br></div><div class="battle-history">Rhydon used <strong>Curse</strong>!<br></div><div class="battle-history"><small>Rhydon's Speed fell!</small><br></div><div class="battle-history"><small>Rhydon's Attack rose!</small><br></div><div class="battle-history"><small>Rhydon's Defense rose!</small><br></div><div class="spacer battle-history"><br></div><div class="battle-history">The opposing wifebeater is fast asleep.<br></div><div class="spacer battle-history"><br></div><h2 class="battle-history">Turn 28</h2><div class="chat message-error">giara has 270 seconds left.</div><div class="spacer battle-history"><br></div><div class="battle-history">LL Chool J withdrew wifebeater!<br></div><div class="battle-history">LL Chool J sent out sink shitter (<strong>Heracross</strong>)!<br></div><div class="battle-history"><small>The opposing sink shitter was hurt by the spikes!</small><br></div><div class="spacer battle-history"><br></div><div class="battle-history">Rhydon used <strong>Rock Slide</strong>!<br></div><div class="battle-history"><small>(The opposing sink shitter lost 48% of its health!)</small><br></div><div class="spacer battle-history"><br></div><div class="battle-history"><small>The opposing sink shitter restored a little HP using its Leftovers!</small><br></div><div class="spacer battle-history"><br></div><h2 class="battle-history">Turn 29</h2><div class="chat message-error">giara has 270 seconds left.</div><div class="chat message-error">giara has 255 seconds left.</div><div class="spacer battle-history"><br></div><div class="battle-history">The opposing sink shitter used <strong>Seismic Toss</strong>!<br></div><div class="battle-history"><small>(Rhydon lost 24% of its health!)</small><br></div><div class="spacer battle-history"><br></div><div class="battle-history">Rhydon used <strong>Rock Slide</strong>!<br></div><div class="battle-history"><small>(The opposing sink shitter lost 46% of its health!)</small><br></div><div class="spacer battle-history"><br></div><div class="battle-history">The opposing sink shitter fainted!<br></div><div class="spacer battle-history"><br></div><div class="battle-history">LL Chool J sent out RET (<strong>Cloyster</strong>)!<br></div><div class="battle-history"><small>The opposing RET was poisoned!</small><br></div><div class="battle-history"><small>The opposing RET was hurt by the spikes!</small><br></div><div class="spacer battle-history"><br></div><div class="battle-history"><small>The opposing RET restored a little HP using its Leftovers!</small><br></div><div class="battle-history"><small>Rhydon restored a little HP using its Leftovers!</small><br></div><div class="spacer battle-history"><br></div><h2 class="battle-history">Turn 30</h2><div class="chat message-error">LL Chool J has 285 seconds left.</div><div class="chat message-error">giara has 255 seconds left.</div><div class="chat message-error">LL Chool J has 270 seconds left.</div><div class="chat message-error">giara has 240 seconds left.</div><div class="spacer battle-history"><br></div><div class="battle-history">Rhydon, come back!<br></div><div class="battle-history">Go! <strong>Zapdos</strong>!<br></div><div class="spacer battle-history"><br></div><div class="battle-history">The opposing RET used <strong>Spikes</strong>!<br></div><div class="battle-history"><small>Spikes were scattered on the ground all around your team!</small><br></div><div class="battle-history"><small>The opposing RET was hurt by poison!</small><br></div><div class="spacer battle-history"><br></div><div class="battle-history"><small>The opposing RET restored a little HP using its Leftovers!</small><br></div><div class="spacer battle-history"><br></div><h2 class="battle-history">Turn 31</h2><div class="chat message-error">LL Chool J has 285 seconds left.</div><div class="spacer battle-history"><br></div><div class="battle-history">Zapdos is fast asleep.<br></div><div class="spacer battle-history"><br></div><div class="battle-history">Zapdos used <strong>Sleep Talk</strong>!<br></div><div class="spacer battle-history"><br></div><div class="battle-history">Zapdos used <strong>Rest</strong>!<br></div><div class="battle-history"><small>But it failed!</small><br></div><div class="spacer battle-history"><br></div><div class="battle-history">The opposing RET used <strong>Surf</strong>!<br></div><div class="battle-history"><small>A critical hit!</small><br></div><div class="battle-history"><small>(Zapdos lost 59% of its health!)</small><br></div><div class="battle-history"><small>The opposing RET was hurt by poison!</small><br></div><div class="spacer battle-history"><br></div><div class="battle-history"><small>Zapdos restored a little HP using its Leftovers!</small><br></div><div class="battle-history"><small>The opposing RET restored a little HP using its Leftovers!</small><br></div><div class="spacer battle-history"><br></div><h2 class="battle-history">Turn 32</h2><div class="spacer battle-history"><br></div><div class="battle-history">LL Chool J withdrew RET!<br></div><div class="battle-history">LL Chool J sent out wifebeater (<strong>Snorlax</strong>)!<br></div><div class="battle-history"><small>The opposing wifebeater was hurt by the spikes!</small><br></div><div class="spacer battle-history"><br></div><div class="battle-history">Zapdos is fast asleep.<br></div><div class="spacer battle-history"><br></div><div class="battle-history">Zapdos used <strong>Sleep Talk</strong>!<br></div><div class="spacer battle-history"><br></div><div class="battle-history">Zapdos used <strong>Rest</strong>!<br></div><div class="battle-history"><small>Zapdos slept and became healthy!</small><br></div><div class="spacer battle-history"><br></div><div class="battle-history"><small>The opposing wifebeater restored a little HP using its Leftovers!</small><br></div><div class="spacer battle-history"><br></div><h2 class="battle-history">Turn 33</h2><div class="chat message-error">giara has 255 seconds left.</div><div class="spacer battle-history"><br></div><div class="battle-history">Zapdos, come back!<br></div><div class="battle-history">Go! <strong>Forretress</strong>!<br></div><div class="battle-history"><small>Forretress was hurt by the spikes!</small><br></div><div class="spacer battle-history"><br></div><div class="battle-history">The opposing wifebeater is fast asleep.<br></div><div class="spacer battle-history"><br></div><div class="battle-history"><small>Forretress restored a little HP using its Leftovers!</small><br></div><div class="battle-history"><small>The opposing wifebeater restored a little HP using its Leftovers!</small><br></div><div class="spacer battle-history"><br></div><h2 class="battle-history">Turn 34</h2><div class="spacer battle-history"><br></div><div class="battle-history">Forretress used <strong>Rapid Spin</strong>!<br></div><div class="battle-history"><small>(The opposing wifebeater lost 2% of its health!)</small><br></div><div class="battle-history"><small>The spikes disappeared from the ground around your team!</small><br></div><div class="battle-history"><small>The opposing wifebeater woke up!</small><br></div><div class="spacer battle-history"><br></div><div class="battle-history">The opposing wifebeater used <strong>Curse</strong>!<br></div><div class="battle-history"><small>The opposing wifebeater's Speed fell!</small><br></div><div class="battle-history"><small>The opposing wifebeater's Attack rose!</small><br></div><div class="battle-history"><small>The opposing wifebeater's Defense rose!</small><br></div><div class="spacer battle-history"><br></div><div class="battle-history"><small>Forretress restored a little HP using its Leftovers!</small><br></div><div class="battle-history"><small>The opposing wifebeater restored a little HP using its Leftovers!</small><br></div><div class="spacer battle-history"><br></div><h2 class="battle-history">Turn 35</h2><div class="chat message-error">giara has 255 seconds left.</div><div class="chat message-error">LL Chool J has 285 seconds left.</div><div class="spacer battle-history"><br></div><div class="battle-history">LL Chool J withdrew wifebeater!<br></div><div class="battle-history">LL Chool J sent out RET (<strong>Cloyster</strong>)!<br></div><div class="battle-history"><small>The opposing RET was hurt by the spikes!</small><br></div><div class="battle-history"><small>The opposing RET was hurt by poison!</small><br></div><div class="spacer battle-history"><br></div><div class="battle-history">Forretress used <strong>Toxic</strong>!<br></div><div class="battle-history"><small>But it failed!</small><br></div><div class="spacer battle-history"><br></div><div class="battle-history"><small>The opposing RET restored a little HP using its Leftovers!</small><br></div><div class="battle-history"><small>Forretress restored a little HP using its Leftovers!</small><br></div><div class="spacer battle-history"><br></div><h2 class="battle-history">Turn 36</h2><div class="chat message-error">giara has 255 seconds left.</div><div class="spacer battle-history"><br></div><div class="battle-history">The opposing RET used <strong>Surf</strong>!<br></div><div class="battle-history"><small>(Forretress lost 42% of its health!)</small><br></div><div class="battle-history"><small>The opposing RET was hurt by poison!</small><br></div><div class="spacer battle-history"><br></div><div class="battle-history">Forretress used <strong>Rapid Spin</strong>!<br></div><div class="battle-history"><small>(The opposing RET lost 4% of its health!)</small><br></div><div class="spacer battle-history"><br></div><div class="battle-history"><small>The opposing RET restored a little HP using its Leftovers!</small><br></div><div class="battle-history"><small>Forretress restored a little HP using its Leftovers!</small><br></div><div class="spacer battle-history"><br></div><h2 class="battle-history">Turn 37</h2><div class="chat message-error">giara has 240 seconds left.</div><div class="spacer battle-history"><br></div><div class="battle-history">Forretress, come back!<br></div><div class="battle-history">Go! <strong>Exeggutor</strong>!<br></div><div class="spacer battle-history"><br></div><div class="battle-history">The opposing RET used <strong>Spikes</strong>!<br></div><div class="battle-history"><small>Spikes were scattered on the ground all around your team!</small><br></div><div class="battle-history"><small>The opposing RET was hurt by poison!</small><br></div><div class="spacer battle-history"><br></div><div class="battle-history"><small>The opposing RET restored a little HP using its Leftovers!</small><br></div><div class="battle-history"><small>Exeggutor restored a little HP using its Leftovers!</small><br></div><div class="spacer battle-history"><br></div><h2 class="battle-history">Turn 38</h2><div class="chat message-error">LL Chool J has 285 seconds left.</div><div class="spacer battle-history"><br></div><div class="battle-history">The opposing RET used <strong>Explosion</strong>!<br></div><div class="battle-history"><small>(Exeggutor lost 35% of its health!)</small><br></div><div class="spacer battle-history"><br></div><div class="battle-history">Exeggutor fainted!<br></div><div class="battle-history">The opposing RET fainted!<br></div><div class="chat message-error">giara has 240 seconds left.</div><div class="chat message-error">giara has 225 seconds left.</div><div class="chat message-error">giara has 210 seconds left.</div><div class="chat message-error">giara has 195 seconds left.</div><div class="chat message-error">giara has 180 seconds left.</div><div class="chat message-error">giara has 165 seconds left.</div><div class="spacer battle-history"><br></div><div class="battle-history">LL Chool J sent out FUCKING OCEAN (<strong>Tentacruel</strong>)!<br></div><div class="spacer battle-history"><br></div><div class="battle-history">Go! <strong>Forretress</strong>!<br></div><div class="battle-history"><small>The opposing FUCKING OCEAN was hurt by the spikes!</small><br></div><div class="battle-history"><small>Forretress was hurt by the spikes!</small><br></div><div class="spacer battle-history"><br></div><div class="battle-history"><small>The opposing FUCKING OCEAN restored a little HP using its Leftovers!</small><br></div><div class="battle-history"><small>Forretress restored a little HP using its Leftovers!</small><br></div><div class="spacer battle-history"><br></div><h2 class="battle-history">Turn 39</h2><div class="chat message-error">giara has 150 seconds left.</div><div class="chat message-error">LL Chool J has 285 seconds left.</div><div class="spacer battle-history"><br></div><div class="battle-history">The opposing FUCKING OCEAN used <strong>Substitute</strong>!<br></div><div class="battle-history"><small>The opposing FUCKING OCEAN put in a substitute!</small><br></div><div class="battle-history"><small>(The opposing FUCKING OCEAN lost 25% of its health!)</small><br></div><div class="spacer battle-history"><br></div><div class="battle-history">Forretress used <strong>Explosion</strong>!<br></div><div class="battle-history"><small>The opposing FUCKING OCEAN's substitute faded!</small><br></div><div class="spacer battle-history"><br></div><div class="battle-history">Forretress fainted!<br></div><div class="spacer battle-history"><br></div><div class="battle-history">Go! <strong>Espeon</strong>!<br></div><div class="battle-history"><small>Espeon was hurt by the spikes!</small><br></div><div class="spacer battle-history"><br></div><div class="battle-history"><small>Espeon restored a little HP using its Leftovers!</small><br></div><div class="battle-history"><small>The opposing FUCKING OCEAN restored a little HP using its Leftovers!</small><br></div><div class="spacer battle-history"><br></div><h2 class="battle-history">Turn 40</h2><div class="chat message-error">giara has 135 seconds left.</div><div class="spacer battle-history"><br></div><div class="battle-history">LL Chool J withdrew FUCKING OCEAN!<br></div><div class="battle-history">LL Chool J sent out wifebeater (<strong>Snorlax</strong>)!<br></div><div class="battle-history"><small>The opposing wifebeater was hurt by the spikes!</small><br></div><div class="spacer battle-history"><br></div><div class="battle-history">Espeon used <strong>Growth</strong>!<br></div><div class="battle-history"><small>Espeon's Sp. Atk rose!</small><br></div><div class="spacer battle-history"><br></div><div class="battle-history"><small>Espeon restored a little HP using its Leftovers!</small><br></div><div class="battle-history"><small>The opposing wifebeater restored a little HP using its Leftovers!</small><br></div><div class="spacer battle-history"><br></div><h2 class="battle-history">Turn 41</h2><div class="chat message-error">LL Chool J has 285 seconds left.</div><div class="chat message-error">LL Chool J has 270 seconds left.</div><div class="spacer battle-history"><br></div><div class="battle-history">Espeon used <strong>Substitute</strong>!<br></div><div class="battle-history"><small>Espeon put in a substitute!</small><br></div><div class="battle-history"><small>(Espeon lost 24% of its health!)</small><br></div><div class="spacer battle-history"><br></div><div class="battle-history">The opposing wifebeater used <strong>Curse</strong>!<br></div><div class="battle-history"><small>The opposing wifebeater's Speed fell!</small><br></div><div class="battle-history"><small>The opposing wifebeater's Attack rose!</small><br></div><div class="battle-history"><small>The opposing wifebeater's Defense rose!</small><br></div><div class="spacer battle-history"><br></div><div class="battle-history"><small>Espeon restored a little HP using its Leftovers!</small><br></div><div class="battle-history"><small>The opposing wifebeater restored a little HP using its Leftovers!</small><br></div><div class="spacer battle-history"><br></div><h2 class="battle-history">Turn 42</h2><div class="spacer battle-history"><br></div><div class="battle-history">Espeon used <strong>Baton Pass</strong>!<br></div><div class="spacer battle-history"><br></div><div class="battle-history">Go! <strong>Rhydon</strong>!<br></div><div class="battle-history"><small>Rhydon was hurt by the spikes!</small><br></div><div class="spacer battle-history"><br></div><div class="battle-history">The opposing wifebeater used <strong>Double-Edge</strong>!<br></div><div class="battle-history"><small>It's not very effective...</small><br></div><div class="battle-history"><small>Rhydon's substitute faded!</small><br></div><div class="battle-history"><small>The opposing wifebeater was damaged by the recoil!</small><br></div><div class="spacer battle-history"><br></div><div class="battle-history"><small>Rhydon restored a little HP using its Leftovers!</small><br></div><div class="battle-history"><small>The opposing wifebeater restored a little HP using its Leftovers!</small><br></div><div class="spacer battle-history"><br></div><h2 class="battle-history">Turn 43</h2><div class="chat message-error">giara has 150 seconds left.</div><div class="chat message-error">giara has 135 seconds left.</div><div class="chat message-error">LL Chool J has 285 seconds left.</div><div class="chat message-error">giara has 120 seconds left.</div><div class="chat message-error">giara has 105 seconds left.</div><div class="chat message-error">LL Chool J has 270 seconds left.</div><div class="spacer battle-history"><br></div><div class="battle-history">Rhydon used <strong>Rock Slide</strong>!<br></div><div class="battle-history"><small>(The opposing wifebeater lost 16% of its health!)</small><br></div><div class="spacer battle-history"><br></div><div class="battle-history">The opposing wifebeater used <strong>Double-Edge</strong>!<br></div><div class="battle-history"><small>It's not very effective...</small><br></div><div class="battle-history"><small>(Rhydon lost 24% of its health!)</small><br></div><div class="battle-history"><small>The opposing wifebeater was damaged by the recoil!</small><br></div><div class="spacer battle-history"><br></div><div class="battle-history"><small>Rhydon restored a little HP using its Leftovers!</small><br></div><div class="battle-history"><small>The opposing wifebeater restored a little HP using its Leftovers!</small><br></div><div class="spacer battle-history"><br></div><h2 class="battle-history">Turn 44</h2><div class="chat message-error">giara has 105 seconds left.</div><div class="spacer battle-history"><br></div><div class="battle-history">Rhydon used <strong>Earthquake</strong>!<br></div><div class="battle-history"><small>(The opposing wifebeater lost 25% of its health!)</small><br></div><div class="spacer battle-history"><br></div><div class="battle-history">The opposing wifebeater used <strong>Lovely Kiss</strong>!<br></div><div class="battle-history"><small>Rhydon fell asleep!</small><br></div><div class="spacer battle-history"><br></div><div class="battle-history"><small>Rhydon restored a little HP using its Leftovers!</small><br></div><div class="battle-history"><small>The opposing wifebeater restored a little HP using its Leftovers!</small><br></div><div class="spacer battle-history"><br></div><h2 class="battle-history">Turn 45</h2><div class="spacer battle-history"><br></div><div class="battle-history">The opposing wifebeater used <strong>Double-Edge</strong>!<br></div><div class="battle-history"><small>It's not very effective...</small><br></div><div class="battle-history"><small>(Rhydon lost 23% of its health!)</small><br></div><div class="battle-history"><small>The opposing wifebeater was damaged by the recoil!</small><br></div><div class="spacer battle-history"><br></div><div class="battle-history">Rhydon is fast asleep.<br></div><div class="spacer battle-history"><br></div><div class="battle-history"><small>Rhydon restored a little HP using its Leftovers!</small><br></div><div class="battle-history"><small>The opposing wifebeater restored a little HP using its Leftovers!</small><br></div><div class="spacer battle-history"><br></div><h2 class="battle-history">Turn 46</h2><div class="spacer battle-history"><br></div><div class="battle-history">The opposing wifebeater used <strong>Double-Edge</strong>!<br></div><div class="battle-history"><small>It's not very effective...</small><br></div><div class="battle-history"><small>(Rhydon lost 22% of its health!)</small><br></div><div class="battle-history"><small>The opposing wifebeater was damaged by the recoil!</small><br></div><div class="spacer battle-history"><br></div><div class="battle-history">Rhydon is fast asleep.<br></div><div class="spacer battle-history"><br></div><div class="battle-history"><small>Rhydon restored a little HP using its Leftovers!</small><br></div><div class="battle-history"><small>The opposing wifebeater restored a little HP using its Leftovers!</small><br></div><div class="spacer battle-history"><br></div><h2 class="battle-history">Turn 47</h2><div class="spacer battle-history"><br></div><div class="battle-history">The opposing wifebeater used <strong>Double-Edge</strong>!<br></div><div class="battle-history"><small>It's not very effective...</small><br></div><div class="battle-history"><small>(Rhydon lost 24% of its health!)</small><br></div><div class="battle-history"><small>The opposing wifebeater was damaged by the recoil!</small><br></div><div class="battle-history"><small>Rhydon woke up!</small><br></div><div class="spacer battle-history"><br></div><div class="battle-history">Rhydon used <strong>Roar</strong>!<br></div><div class="spacer battle-history"><br></div><div class="battle-history">fucking brown man (<strong>Rhydon</strong>) was dragged out!<br></div><div class="battle-history"><small>The opposing fucking brown man was hurt by the spikes!</small><br></div><div class="spacer battle-history"><br></div><div class="battle-history"><small>The opposing fucking brown man restored a little HP using its Leftovers!</small><br></div><div class="battle-history"><small>Rhydon restored a little HP using its Leftovers!</small><br></div><div class="spacer battle-history"><br></div><h2 class="battle-history">Turn 48</h2><div class="spacer battle-history"><br></div><div class="battle-history">The opposing fucking brown man used <strong>Earthquake</strong>!<br></div><div class="battle-history"><small>It's super effective!</small><br></div><div class="battle-history"><small>(Rhydon lost 13% of its health!)</small><br></div><div class="spacer battle-history"><br></div><div class="battle-history">Rhydon fainted!<br></div><div class="chat message-error">giara has 135 seconds left.</div><div class="spacer battle-history"><br></div><div class="battle-history">Go! <strong>Espeon</strong>!<br></div><div class="battle-history"><small>Espeon was hurt by the spikes!</small><br></div><div class="spacer battle-history"><br></div><div class="battle-history"><small>Espeon restored a little HP using its Leftovers!</small><br></div><div class="battle-history"><small>The opposing fucking brown man restored a little HP using its Leftovers!</small><br></div><div class="spacer battle-history"><br></div><h2 class="battle-history">Turn 49</h2><div class="spacer battle-history"><br></div><div class="battle-history">Espeon used <strong>Psychic</strong>!<br></div><div class="battle-history"><small>(The opposing fucking brown man lost 48% of its health!)</small><br></div><div class="spacer battle-history"><br></div><div class="battle-history">The opposing fucking brown man used <strong>Earthquake</strong>!<br></div><div class="battle-history"><small>(Espeon lost 62% of its health!)</small><br></div><div class="spacer battle-history"><br></div><div class="battle-history"><small>Espeon restored a little HP using its Leftovers!</small><br></div><div class="battle-history"><small>The opposing fucking brown man restored a little HP using its Leftovers!</small><br></div><div class="spacer battle-history"><br></div><h2 class="battle-history">Turn 50</h2><div class="spacer battle-history"><br></div><div class="battle-history">Espeon used <strong>Psychic</strong>!<br></div><div class="battle-history"><small>(The opposing fucking brown man lost 44% of its health!)</small><br></div><div class="spacer battle-history"><br></div><div class="battle-history">The opposing fucking brown man fainted!<br></div><div class="spacer battle-history"><br></div><div class="battle-history">LL Chool J sent out ISYN (<strong>Raikou</strong>)!<br></div><div class="battle-history"><small>The opposing ISYN was hurt by the spikes!</small><br></div><div class="spacer battle-history"><br></div><div class="battle-history"><small>The opposing ISYN restored a little HP using its Leftovers!</small><br></div><div class="battle-history"><small>Espeon restored a little HP using its Leftovers!</small><br></div><div class="spacer battle-history"><br></div><h2 class="battle-history">Turn 51</h2><div class="chat message-error">giara has 165 seconds left.</div><div class="spacer battle-history"><br></div><div class="battle-history">The opposing ISYN is fast asleep.<br></div><div class="spacer battle-history"><br></div><div class="battle-history">The opposing ISYN used <strong>Sleep Talk</strong>!<br></div><div class="spacer battle-history"><br></div><div class="battle-history">The opposing ISYN used <strong>Rest</strong>!<br></div><div class="battle-history"><small>The opposing ISYN slept and became healthy!</small><br></div><div class="spacer battle-history"><br></div><div class="battle-history">Espeon used <strong>Growth</strong>!<br></div><div class="battle-history"><small>Espeon's Sp. Atk rose!</small><br></div><div class="spacer battle-history"><br></div><div class="battle-history"><small>Espeon restored a little HP using its Leftovers!</small><br></div><div class="spacer battle-history"><br></div><h2 class="battle-history">Turn 52</h2><div class="chat message-error">giara has 165 seconds left.</div><div class="chat message-error">giara has 150 seconds left.</div><div class="spacer battle-history"><br></div><div class="battle-history">The opposing ISYN is fast asleep.<br></div><div class="spacer battle-history"><br></div><div class="battle-history">The opposing ISYN used <strong>Sleep Talk</strong>!<br></div><div class="spacer battle-history"><br></div><div class="battle-history">The opposing ISYN used <strong>Thunder</strong>!<br></div><div class="battle-history"><small>(Espeon lost 31% of its health!)</small><br></div><div class="spacer battle-history"><br></div><div class="battle-history">Espeon fainted!<br></div><div class="spacer battle-history"><br></div><div class="battle-history">Go! <strong>Zapdos</strong>!<br></div><div class="spacer battle-history"><br></div><h2 class="battle-history">Turn 53</h2><div class="chat chatmessage-giara"><strong style="color:#c43694"><small>☆</small><span class="username" data-name="giara">giara</span>:</strong> <em>gg</em></div><div class="chat message-error">giara has 150 seconds left.</div><div class="spacer battle-history"><br></div><div class="battle-history">The opposing ISYN is fast asleep.<br></div><div class="spacer battle-history"><br></div><div class="battle-history">Zapdos is fast asleep.<br></div><div class="spacer battle-history"><br></div><div class="battle-history">Zapdos used <strong>Sleep Talk</strong>!<br></div><div class="spacer battle-history"><br></div><div class="battle-history">Zapdos used <strong>Hidden Power</strong>!<br></div><div class="battle-history"><small>(The opposing ISYN lost 16% of its health!)</small><br></div><div class="spacer battle-history"><br></div><div class="battle-history"><small>The opposing ISYN restored a little HP using its Leftovers!</small><br></div><div class="spacer battle-history"><br></div><h2 class="battle-history">Turn 54</h2><div class="chat message-error">giara has 150 seconds left.</div><div class="chat chatmessage-llchoolj"><strong style="color:#8910e0"><small>☆</small><span class="username" data-name="LL Chool J">LL Chool J</span>:</strong> <em>gg, sorry for the breaks I got</em></div><div class="spacer battle-history"><br></div><div class="battle-history"><small>The opposing ISYN woke up!</small><br></div><div class="spacer battle-history"><br></div><div class="battle-history">The opposing ISYN used <strong>Thunder</strong>!<br></div><div class="battle-history"><small>(Zapdos lost 43% of its health!)</small><br></div><div class="spacer battle-history"><br></div><div class="battle-history">Zapdos is fast asleep.<br></div><div class="spacer battle-history"><br></div><div class="battle-history">Zapdos used <strong>Sleep Talk</strong>!<br></div><div class="spacer battle-history"><br></div><div class="battle-history">Zapdos used <strong>Hidden Power</strong>!<br></div><div class="battle-history"><small>(The opposing ISYN lost 18% of its health!)</small><br></div><div class="spacer battle-history"><br></div><div class="battle-history"><small>The opposing ISYN restored a little HP using its Leftovers!</small><br></div><div class="battle-history"><small>Zapdos restored a little HP using its Leftovers!</small><br></div><div class="spacer battle-history"><br></div><h2 class="battle-history">Turn 55</h2><div class="spacer battle-history"><br></div><div class="battle-history">The opposing ISYN used <strong>Hidden Power</strong>!<br></div><div class="battle-history"><small>It's super effective!</small><br></div><div class="battle-history"><small>(Zapdos lost 37% of its health!)</small><br></div><div class="battle-history"><small>Zapdos woke up!</small><br></div><div class="spacer battle-history"><br></div><div class="battle-history">Zapdos used <strong>Rest</strong>!<br></div><div class="battle-history"><small>Zapdos fell asleep!</small><br></div><div class="battle-history"><small>Zapdos slept and became healthy!</small><br></div><div class="spacer battle-history"><br></div><div class="battle-history"><small>The opposing ISYN restored a little HP using its Leftovers!</small><br></div><div class="spacer battle-history"><br></div><h2 class="battle-history">Turn 56</h2><div class="spacer battle-history"><br></div><div class="battle-history">The opposing ISYN used <strong>Hidden Power</strong>!<br></div><div class="battle-history"><small>A critical hit!</small><br></div><div class="battle-history"><small>It's super effective!</small><br></div><div class="battle-history"><small>(Zapdos lost 64% of its health!)</small><br></div><div class="spacer battle-history"><br></div><div class="battle-history">Zapdos is fast asleep.<br></div><div class="spacer battle-history"><br></div><div class="battle-history">Zapdos used <strong>Sleep Talk</strong>!<br></div><div class="spacer battle-history"><br></div><div class="battle-history">Zapdos used <strong>Thunder</strong>!<br></div><div class="battle-history"><small>A critical hit!</small><br></div><div class="battle-history"><small>It's not very effective...</small><br></div><div class="battle-history"><small>(The opposing ISYN lost 39% of its health!)</small><br></div><div class="battle-history"><small>The opposing ISYN is paralyzed! It may be unable to move!</small><br></div><div class="spacer battle-history"><br></div><div class="battle-history"><small>Zapdos restored a little HP using its Leftovers!</small><br></div><div class="battle-history"><small>The opposing ISYN restored a little HP using its Leftovers!</small><br></div><div class="spacer battle-history"><br></div><h2 class="battle-history">Turn 57</h2><div class="spacer battle-history"><br></div><div class="battle-history">Zapdos is fast asleep.<br></div><div class="spacer battle-history"><br></div><div class="battle-history">Zapdos used <strong>Sleep Talk</strong>!<br></div><div class="spacer battle-history"><br></div><div class="battle-history">Zapdos used <strong>Hidden Power</strong>!<br></div><div class="battle-history"><small>(The opposing ISYN lost 16% of its health!)</small><br></div><div class="spacer battle-history"><br></div><div class="battle-history">The opposing ISYN used <strong>Hidden Power</strong>!<br></div><div class="battle-history"><small>It's super effective!</small><br></div><div class="battle-history"><small>(Zapdos lost 33% of its health!)</small><br></div><div class="spacer battle-history"><br></div><div class="battle-history"><small>Zapdos restored a little HP using its Leftovers!</small><br></div><div class="battle-history"><small>The opposing ISYN restored a little HP using its Leftovers!</small><br></div><div class="spacer battle-history"><br></div><h2 class="battle-history">Turn 58</h2><div class="chat message-error">giara has 180 seconds left.</div><div class="spacer battle-history"><br></div><div class="battle-history"><small>Zapdos woke up!</small><br></div><div class="spacer battle-history"><br></div><div class="battle-history">Zapdos used <strong>Rest</strong>!<br></div><div class="battle-history"><small>Zapdos fell asleep!</small><br></div><div class="battle-history"><small>Zapdos slept and became healthy!</small><br></div><div class="spacer battle-history"><br></div><div class="battle-history">The opposing ISYN used <strong>Rest</strong>!<br></div><div class="battle-history"><small>The opposing ISYN fell asleep!</small><br></div><div class="battle-history"><small>The opposing ISYN slept and became healthy!</small><br></div><div class="spacer battle-history"><br></div><h2 class="battle-history">Turn 59</h2><div class="spacer battle-history"><br></div><div class="battle-history">The opposing ISYN is fast asleep.<br></div><div class="spacer battle-history"><br></div><div class="battle-history">Zapdos is fast asleep.<br></div><div class="spacer battle-history"><br></div><div class="battle-history">Zapdos used <strong>Sleep Talk</strong>!<br></div><div class="spacer battle-history"><br></div><div class="battle-history">Zapdos used <strong>Thunder</strong>!<br></div><div class="battle-history"><small>Zapdos's attack missed!</small><br></div><div class="spacer battle-history"><br></div><h2 class="battle-history">Turn 60</h2><div class="chat message-error">giara has 195 seconds left.</div><div class="chat message-error">giara has 180 seconds left.</div><div class="spacer battle-history"><br></div><div class="battle-history">The opposing ISYN is fast asleep.<br></div><div class="spacer battle-history"><br></div><div class="battle-history">Zapdos is fast asleep.<br></div><div class="spacer battle-history"><br></div><div class="battle-history">Zapdos used <strong>Sleep Talk</strong>!<br></div><div class="spacer battle-history"><br></div><div class="battle-history">Zapdos used <strong>Rest</strong>!<br></div><div class="battle-history"><small>But it failed!</small><br></div><div class="spacer battle-history"><br></div><h2 class="battle-history">Turn 61</h2><div class="chat message-error">LL Chool J has 285 seconds left.</div><div class="spacer battle-history"><br></div><div class="battle-history"><small>The opposing ISYN woke up!</small><br></div><div class="spacer battle-history"><br></div><div class="battle-history">The opposing ISYN used <strong>Hidden Power</strong>!<br></div><div class="battle-history"><small>It's super effective!</small><br></div><div class="battle-history"><small>(Zapdos lost 36% of its health!)</small><br></div><div class="battle-history"><small>Zapdos woke up!</small><br></div><div class="spacer battle-history"><br></div><div class="battle-history">Zapdos used <strong>Thunder</strong>!<br></div><div class="battle-history"><small>A critical hit!</small><br></div><div class="battle-history"><small>It's not very effective...</small><br></div><div class="battle-history"><small>(The opposing ISYN lost 39% of its health!)</small><br></div><div class="spacer battle-history"><br></div><div class="battle-history"><small>The opposing ISYN restored a little HP using its Leftovers!</small><br></div><div class="battle-history"><small>Zapdos restored a little HP using its Leftovers!</small><br></div><div class="spacer battle-history"><br></div><h2 class="battle-history">Turn 62</h2><div class="chat message-error">giara has 180 seconds left.</div><div class="spacer battle-history"><br></div><div class="battle-history">The opposing ISYN used <strong>Thunder</strong>!<br></div><div class="battle-history"><small>(Zapdos lost 42% of its health!)</small><br></div><div class="spacer battle-history"><br></div><div class="battle-history">Zapdos used <strong>Thunder</strong>!<br></div><div class="battle-history"><small>It's not very effective...</small><br></div><div class="battle-history"><small>(The opposing ISYN lost 20% of its health!)</small><br></div><div class="spacer battle-history"><br></div><div class="battle-history"><small>The opposing ISYN restored a little HP using its Leftovers!</small><br></div><div class="battle-history"><small>Zapdos restored a little HP using its Leftovers!</small><br></div><div class="spacer battle-history"><br></div><h2 class="battle-history">Turn 63</h2><div class="spacer battle-history"><br></div><div class="battle-history">The opposing ISYN used <strong>Hidden Power</strong>!<br></div><div class="battle-history"><small>It's super effective!</small><br></div><div class="battle-history"><small>(Zapdos lost 34% of its health!)</small><br></div><div class="spacer battle-history"><br></div><div class="battle-history">Zapdos fainted!<br></div><div class="spacer battle-history"><br></div><div class="battle-history"><strong>LL Chool J</strong> won the battle!<br></div></div><div class="inner-preempt"></div></div></div>
</div>
<script>
let daily = Math.floor(Date.now()/1000/60/60/24);document.write('<script src="https://play.pokemonshowdown.com/js/replay-embed.js?version'+daily+'"></'+'script>');
</script>
