<!DOCTYPE html>
<meta charset="utf-8" />
<!-- version 1 -->
<title>[Gen 2] OU replay: Jimmy Turtwig vs. d0nut</title>
<style>
html,body {font-family:Verdana, sans-serif;font-size:10pt;margin:0;padding:0;}body{padding:12px 0;} .battle-log {font-family:Verdana, sans-serif;font-size:10pt;} .battle-log-inline {border:1px solid #AAAAAA;background:#EEF2F5;color:black;max-width:640px;margin:0 auto 80px;padding-bottom:5px;} .battle-log .inner {padding:4px 8px 0px 8px;} .battle-log .inner-preempt {padding:0 8px 4px 8px;} .battle-log .inner-after {margin-top:0.5em;} .battle-log h2 {margin:0.5em -8px;padding:4px 8px;border:1px solid #AAAAAA;background:#E0E7EA;border-left:0;border-right:0;font-family:Verdana, sans-serif;font-size:13pt;} .battle-log .chat {vertical-align:middle;padding:3px 0 3px 0;font-size:8pt;} .battle-log .chat strong {color:#40576A;} .battle-log .chat em {padding:1px 4px 1px 3px;color:#000000;font-style:normal;} .chat.mine {background:rgba(0,0,0,0.05);margin-left:-8px;margin-right:-8px;padding-left:8px;padding-right:8px;} .spoiler {color:#BBBBBB;background:#BBBBBB;padding:0px 3px;} .spoiler:hover, .spoiler:active, .spoiler-shown {color:#000000;background:#E2E2E2;padding:0px 3px;} .spoiler a {color:#BBBBBB;} .spoiler:hover a, .spoiler:active a, .spoiler-shown a {color:#2288CC;} .chat code, .chat .spoiler:hover code, .chat .spoiler:active code, .chat .spoiler-shown code {border:1px solid #C0C0C0;background:#EEEEEE;color:black;padding:0 2px;} .chat .spoiler code {border:1px solid #CCCCCC;background:#CCCCCC;color:#CCCCCC;} .battle-log .rated {padding:3px 4px;} .battle-log .rated strong {color:white;background:#89A;padding:1px 4px;border-radius:4px;} .spacer {margin-top:0.5em;} .message-announce {background:#6688AA;color:white;padding:1px 4px 2px;} .message-announce a, .broadcast-green a, .broadcast-blue a, .broadcast-red a {color:#DDEEFF;} .broadcast-green {background-color:#559955;color:white;padding:2px 4px;} .broadcast-blue {background-color:#6688AA;color:white;padding:2px 4px;} .infobox {border:1px solid #6688AA;padding:2px 4px;} .infobox-limited {max-height:200px;overflow:auto;overflow-x:hidden;} .broadcast-red {background-color:#AA5544;color:white;padding:2px 4px;} .message-learn-canlearn {font-weight:bold;color:#228822;text-decoration:underline;} .message-learn-cannotlearn {font-weight:bold;color:#CC2222;text-decoration:underline;} .message-effect-weak {font-weight:bold;color:#CC2222;} .message-effect-resist {font-weight:bold;color:#6688AA;} .message-effect-immune {font-weight:bold;color:#666666;} .message-learn-list {margin-top:0;margin-bottom:0;} .message-throttle-notice, .message-error {color:#992222;} .message-overflow, .chat small.message-overflow {font-size:0pt;} .message-overflow::before {font-size:9pt;content:'...';} .subtle {color:#3A4A66;}
</style>
<div class="wrapper replay-wrapper" style="max-width:1180px;margin:0 auto">
<input type="hidden" name="replayid" value="smogtours-gen2ou-344347" />
<div class="battle"></div><div class="battle-log"></div><div class="replay-controls"></div><div class="replay-controls-2"></div>
<h1 style="font-weight:normal;text-align:center"><strong>[Gen 2] OU</strong><br /><a href="http://pokemonshowdown.com/users/jimmyturtwig" class="subtle" target="_blank">Jimmy Turtwig</a> vs. <a href="http://pokemonshowdown.com/users/d0nut" class="subtle" target="_blank">d0nut</a></h1>
<script type="text/plain" class="battle-log-data">|inactive|Battle timer is ON: inactive players will automatically lose when time's up.
|player|p1|Jimmy Turtwig|164
|teamsize|p1|6
|player|p2|d0nut|169
|teamsize|p2|6
|gametype|singles
|gen|2
|tier|[Gen 2] OU
|rule|Sleep Clause Mod: Limit one foe put to sleep
|rule|Species Clause: Limit one of each Pokémon
|rule|OHKO Clause: OHKO moves are banned
|rule|Evasion Moves Clause: Evasion moves are banned
|rule|HP Percentage Mod: HP is shown in percentages
|
|start
|switch|p1a: Snorlax|Snorlax, M|100\/100
|switch|p2a: Exeggutor|Exeggutor, M|100\/100
|turn|1
|c|+littlelucario|4
|c|+Finchinator|d0
|raw|<div class="broadcast-red"><strong>Moderated chat was set to @!<\/strong><br \/>Only users of rank @ and higher can talk.<\/div>
|inactive|Jimmy Turtwig has 285 seconds left.
|inactive|d0nut has 285 seconds left.
|inactive|Jimmy Turtwig has 270 seconds left.
|inactive|Jimmy Turtwig has 255 seconds left.
|
|switch|p2a: Snorlax|Snorlax, M|100\/100
|switch|p1a: Zapdos|Zapdos|100\/100
|
|upkeep
|turn|2
|inactive|Jimmy Turtwig has 270 seconds left.
|inactive|Jimmy Turtwig has 255 seconds left.
|inactive|Jimmy Turtwig has 240 seconds left.
|inactive|Jimmy Turtwig has 225 seconds left.
|inactive|Jimmy Turtwig has 210 seconds left.
|
|move|p1a: Zapdos|Thunder|p2a: Snorlax
|-damage|p2a: Snorlax|70\/100
|move|p2a: Snorlax|Curse|p2a: Snorlax
|-unboost|p2a: Snorlax|spe|1
|-boost|p2a: Snorlax|atk|1
|-boost|p2a: Snorlax|def|1
|
|-heal|p2a: Snorlax|76\/100|[from] item: Leftovers
|upkeep
|turn|3
|
|switch|p1a: Steelix|Steelix, M|100\/100
|move|p2a: Snorlax|Body Slam|p1a: Steelix
|-resisted|p1a: Steelix
|-damage|p1a: Steelix|87\/100
|
|-heal|p1a: Steelix|93\/100|[from] item: Leftovers
|-heal|p2a: Snorlax|82\/100|[from] item: Leftovers
|upkeep
|turn|4
|
|move|p2a: Snorlax|Body Slam|p1a: Steelix
|-resisted|p1a: Steelix
|-damage|p1a: Steelix|80\/100
|move|p1a: Steelix|Roar|p2a: Snorlax
|drag|p2a: Zapdos|Zapdos|100\/100
|
|-heal|p1a: Steelix|87\/100|[from] item: Leftovers
|upkeep
|turn|5
|inactive|Jimmy Turtwig has 210 seconds left.
|inactive|Jimmy Turtwig has 195 seconds left.
|inactive|d0nut has 285 seconds left.
|
|switch|p2a: Exeggutor|Exeggutor, M|100\/100
|switch|p1a: Snorlax|Snorlax, M|100\/100
|
|upkeep
|turn|6
|inactive|Jimmy Turtwig has 195 seconds left.
|inactive|d0nut has 285 seconds left.
|inactive|Jimmy Turtwig has 180 seconds left.
|inactive|d0nut has 270 seconds left.
|inactive|Jimmy Turtwig has 165 seconds left.
|
|switch|p2a: Snorlax|Snorlax, M|82\/100
|switch|p1a: Zapdos|Zapdos|100\/100
|
|-heal|p2a: Snorlax|88\/100|[from] item: Leftovers
|upkeep
|turn|7
|inactive|Jimmy Turtwig has 165 seconds left.
|inactive|Jimmy Turtwig has 150 seconds left.
|inactive|Jimmy Turtwig has 135 seconds left.
|inactive|Jimmy Turtwig has 120 seconds left.
|
|switch|p1a: Steelix|Steelix, M|87\/100
|move|p2a: Snorlax|Body Slam|p1a: Steelix
|-resisted|p1a: Steelix
|-damage|p1a: Steelix|78\/100
|
|-heal|p2a: Snorlax|94\/100|[from] item: Leftovers
|-heal|p1a: Steelix|84\/100|[from] item: Leftovers
|upkeep
|turn|8
|inactive|d0nut has 285 seconds left.
|inactive|Jimmy Turtwig has 120 seconds left.
|inactive|Jimmy Turtwig has 105 seconds left.
|
|switch|p2a: Zapdos|Zapdos|100\/100
|move|p1a: Steelix|Roar|p2a: Zapdos
|drag|p2a: Marowak|Marowak, M|100\/100
|
|-heal|p1a: Steelix|90\/100|[from] item: Leftovers
|upkeep
|turn|9
|inactive|d0nut has 285 seconds left.
|inactive|Jimmy Turtwig has 105 seconds left.
|
|switch|p2a: Exeggutor|Exeggutor, M|100\/100
|switch|p1a: Cloyster|Cloyster, M|100\/100
|
|upkeep
|turn|10
|inactive|Jimmy Turtwig has 105 seconds left.
|
|switch|p1a: Zapdos|Zapdos|100\/100
|move|p2a: Exeggutor|Stun Spore|p1a: Zapdos
|-status|p1a: Zapdos|par
|
|upkeep
|turn|11
|inactive|Jimmy Turtwig has 105 seconds left.
|inactive|d0nut has 285 seconds left.
|
|switch|p2a: Snorlax|Snorlax, M|94\/100
|move|p1a: Zapdos|Thunder|p2a: Snorlax
|-damage|p2a: Snorlax|65\/100
|
|-heal|p2a: Snorlax|71\/100|[from] item: Leftovers
|upkeep
|turn|12
|inactive|Jimmy Turtwig has 105 seconds left.
|inactive|Jimmy Turtwig has 90 seconds left.
|
|move|p2a: Snorlax|Curse|p2a: Snorlax
|-unboost|p2a: Snorlax|spe|1
|-boost|p2a: Snorlax|atk|1
|-boost|p2a: Snorlax|def|1
|cant|p1a: Zapdos|par
|
|-heal|p2a: Snorlax|77\/100|[from] item: Leftovers
|upkeep
|turn|13
|inactive|Jimmy Turtwig has 90 seconds left.
|inactive|d0nut has 285 seconds left.
|inactive|Jimmy Turtwig has 75 seconds left.
|
|switch|p1a: Steelix|Steelix, M|90\/100
|move|p2a: Snorlax|Body Slam|p1a: Steelix
|-resisted|p1a: Steelix
|-damage|p1a: Steelix|76\/100
|
|-heal|p1a: Steelix|82\/100|[from] item: Leftovers
|-heal|p2a: Snorlax|83\/100|[from] item: Leftovers
|upkeep
|turn|14
|inactive|Jimmy Turtwig has 75 seconds left.
|
|move|p2a: Snorlax|Body Slam|p1a: Steelix
|-resisted|p1a: Steelix
|-damage|p1a: Steelix|68\/100
|-status|p1a: Steelix|par
|move|p1a: Steelix|Roar|p2a: Snorlax
|drag|p2a: Steelix|Steelix, M|100\/100
|
|-heal|p1a: Steelix|75\/100 par|[from] item: Leftovers
|upkeep
|turn|15
|inactive|Jimmy Turtwig has 75 seconds left.
|
|switch|p2a: Cloyster|Cloyster, M|100\/100
|switch|p1a: Snorlax|Snorlax, M|100\/100
|
|upkeep
|turn|16
|inactive|Jimmy Turtwig has 75 seconds left.
|
|move|p2a: Cloyster|Spikes|p1a: Snorlax
|-sidestart|p1: Jimmy Turtwig|Spikes
|move|p1a: Snorlax|Curse|p1a: Snorlax
|-unboost|p1a: Snorlax|spe|1
|-boost|p1a: Snorlax|atk|1
|-boost|p1a: Snorlax|def|1
|
|upkeep
|turn|17
|inactive|Jimmy Turtwig has 75 seconds left.
|
|switch|p2a: Steelix|Steelix, M|100\/100
|move|p1a: Snorlax|Double-Edge|p2a: Steelix
|-resisted|p2a: Steelix
|-damage|p2a: Steelix|81\/100
|-damage|p1a: Snorlax|97\/100|[from] Recoil|[of] p2a: Steelix
|
|-heal|p2a: Steelix|87\/100|[from] item: Leftovers
|-heal|p1a: Snorlax|100\/100|[from] item: Leftovers
|upkeep
|turn|18
|
|move|p1a: Snorlax|Earthquake|p2a: Steelix
|-supereffective|p2a: Steelix
|-damage|p2a: Steelix|44\/100
|move|p2a: Steelix|Roar|p1a: Snorlax
|drag|p1a: Jynx|Jynx, F|100\/100
|-damage|p1a: Jynx|88\/100|[from] Spikes
|
|-heal|p1a: Jynx|94\/100|[from] item: Leftovers
|-heal|p2a: Steelix|50\/100|[from] item: Leftovers
|upkeep
|turn|19
|inactive|Jimmy Turtwig has 75 seconds left.
|inactive|d0nut has 285 seconds left.
|inactive|Jimmy Turtwig has 60 seconds left.
|inactive|d0nut has 270 seconds left.
|
|switch|p1a: Cloyster|Cloyster, M|100\/100
|-damage|p1a: Cloyster|88\/100|[from] Spikes
|move|p2a: Steelix|Roar|p1a: Cloyster
|drag|p1a: Snorlax|Snorlax, M|100\/100
|-damage|p1a: Snorlax|88\/100|[from] Spikes
|
|-heal|p1a: Snorlax|94\/100|[from] item: Leftovers
|-heal|p2a: Steelix|56\/100|[from] item: Leftovers
|upkeep
|turn|20
|inactive|Jimmy Turtwig has 60 seconds left.
|inactive|Jimmy Turtwig has 45 seconds left.
|inactive|d0nut has 285 seconds left.
|inactive|d0nut has 270 seconds left.
|
|switch|p1a: Zapdos|Zapdos|100\/100 par
|move|p2a: Steelix|Curse|p2a: Steelix
|-unboost|p2a: Steelix|spe|1
|-boost|p2a: Steelix|atk|1
|-boost|p2a: Steelix|def|1
|
|-heal|p2a: Steelix|62\/100|[from] item: Leftovers
|upkeep
|turn|21
|inactive|Jimmy Turtwig has 30 seconds left.
|
|switch|p2a: Snorlax|Snorlax, M|83\/100
|move|p1a: Zapdos|Hidden Power|p2a: Snorlax
|-damage|p2a: Snorlax|71\/100
|
|-heal|p2a: Snorlax|77\/100|[from] item: Leftovers
|upkeep
|turn|22
|inactive|Jimmy Turtwig has 30 seconds left.
|
|move|p2a: Snorlax|Curse|p2a: Snorlax
|-unboost|p2a: Snorlax|spe|1
|-boost|p2a: Snorlax|atk|1
|-boost|p2a: Snorlax|def|1
|cant|p1a: Zapdos|par
|
|-heal|p2a: Snorlax|83\/100|[from] item: Leftovers
|upkeep
|turn|23
|inactive|Jimmy Turtwig has 30 seconds left.
|
|move|p2a: Snorlax|Curse|p2a: Snorlax
|-unboost|p2a: Snorlax|spe|1
|-boost|p2a: Snorlax|atk|1
|-boost|p2a: Snorlax|def|1
|cant|p1a: Zapdos|par
|
|-heal|p2a: Snorlax|89\/100|[from] item: Leftovers
|upkeep
|turn|24
|
|switch|p1a: Steelix|Steelix, M|75\/100 par
|-damage|p1a: Steelix|62\/100 par|[from] Spikes
|move|p2a: Snorlax|Body Slam|p1a: Steelix
|-resisted|p1a: Steelix
|-damage|p1a: Steelix|45\/100 par
|
|-heal|p2a: Snorlax|96\/100|[from] item: Leftovers
|-heal|p1a: Steelix|51\/100 par|[from] item: Leftovers
|upkeep
|turn|25
|inactive|Jimmy Turtwig has 45 seconds left.
|
|move|p2a: Snorlax|Body Slam|p1a: Steelix
|-resisted|p1a: Steelix
|-damage|p1a: Steelix|33\/100 par
|move|p1a: Steelix|Roar|p2a: Snorlax
|drag|p2a: Exeggutor|Exeggutor, M|100\/100
|
|-heal|p1a: Steelix|40\/100 par|[from] item: Leftovers
|upkeep
|turn|26
|inactive|Jimmy Turtwig has 45 seconds left.
|
|switch|p2a: Snorlax|Snorlax, M|96\/100
|switch|p1a: Zapdos|Zapdos|100\/100 par
|
|-heal|p2a: Snorlax|100\/100|[from] item: Leftovers
|upkeep
|turn|27
|
|switch|p1a: Cloyster|Cloyster, M|88\/100
|-damage|p1a: Cloyster|76\/100|[from] Spikes
|move|p2a: Snorlax|Curse|p2a: Snorlax
|-unboost|p2a: Snorlax|spe|1
|-boost|p2a: Snorlax|atk|1
|-boost|p2a: Snorlax|def|1
|
|-heal|p1a: Cloyster|82\/100|[from] item: Leftovers
|upkeep
|turn|28
|
|move|p1a: Cloyster|Spikes|p2a: Snorlax
|-sidestart|p2: d0nut|Spikes
|move|p2a: Snorlax|Lovely Kiss|p1a: Cloyster
|-status|p1a: Cloyster|slp
|
|-heal|p1a: Cloyster|88\/100 slp|[from] item: Leftovers
|upkeep
|turn|29
|
|switch|p1a: Steelix|Steelix, M|40\/100 par
|-damage|p1a: Steelix|27\/100 par|[from] Spikes
|move|p2a: Snorlax|Curse|p2a: Snorlax
|-unboost|p2a: Snorlax|spe|1
|-boost|p2a: Snorlax|atk|1
|-boost|p2a: Snorlax|def|1
|
|-heal|p1a: Steelix|33\/100 par|[from] item: Leftovers
|upkeep
|turn|30
|
|move|p2a: Snorlax|Body Slam|p1a: Steelix
|-resisted|p1a: Steelix
|-damage|p1a: Steelix|16\/100 par
|cant|p1a: Steelix|par
|
|-heal|p1a: Steelix|23\/100 par|[from] item: Leftovers
|upkeep
|turn|31
|
|move|p2a: Snorlax|Body Slam|p1a: Steelix
|-resisted|p1a: Steelix
|-damage|p1a: Steelix|5\/100 par
|cant|p1a: Steelix|par
|
|-heal|p1a: Steelix|12\/100 par|[from] item: Leftovers
|upkeep
|turn|32
|c|☆d0nut|sorry
|inactive|Jimmy Turtwig has 75 seconds left.
|
|move|p2a: Snorlax|Body Slam|p1a: Steelix
|-resisted|p1a: Steelix
|-damage|p1a: Steelix|0 fnt
|faint|p1a: Steelix
|inactive|Jimmy Turtwig has 75 seconds left.
|
|switch|p1a: Jynx|Jynx, F|94\/100
|-damage|p1a: Jynx|82\/100|[from] Spikes
|
|-heal|p1a: Jynx|88\/100|[from] item: Leftovers
|upkeep
|turn|33
|
|move|p1a: Jynx|Lovely Kiss|p2a: Snorlax|[miss]
|-miss|p1a: Jynx
|move|p2a: Snorlax|Body Slam|p1a: Jynx
|-damage|p1a: Jynx|0 fnt
|faint|p1a: Jynx
|
|switch|p1a: Exeggutor|Exeggutor, M|100\/100
|-damage|p1a: Exeggutor|88\/100|[from] Spikes
|
|-heal|p1a: Exeggutor|94\/100|[from] item: Leftovers
|upkeep
|turn|34
|
|move|p1a: Exeggutor|Stun Spore|p2a: Snorlax
|-status|p2a: Snorlax|par
|cant|p2a: Snorlax|par
|
|-heal|p1a: Exeggutor|99\/100|[from] item: Leftovers
|upkeep
|turn|35
|
|move|p1a: Exeggutor|Psychic|p2a: Snorlax
|-damage|p2a: Snorlax|78\/100 par
|cant|p2a: Snorlax|par
|
|-heal|p1a: Exeggutor|100\/100|[from] item: Leftovers
|-heal|p2a: Snorlax|84\/100 par|[from] item: Leftovers
|upkeep
|turn|36
|
|move|p1a: Exeggutor|Psychic|p2a: Snorlax
|-damage|p2a: Snorlax|60\/100 par
|move|p2a: Snorlax|Body Slam|p1a: Exeggutor
|-damage|p1a: Exeggutor|45\/100
|
|-heal|p1a: Exeggutor|51\/100|[from] item: Leftovers
|-heal|p2a: Snorlax|66\/100 par|[from] item: Leftovers
|upkeep
|turn|37
|
|move|p1a: Exeggutor|Explosion|p2a: Snorlax
|-damage|p2a: Snorlax|23\/100 par
|faint|p1a: Exeggutor
|
|switch|p1a: Zapdos|Zapdos|100\/100 par
|
|-heal|p2a: Snorlax|29\/100 par|[from] item: Leftovers
|upkeep
|turn|38
|
|move|p1a: Zapdos|Thunder|p2a: Snorlax
|-damage|p2a: Snorlax|1\/100 par
|move|p2a: Snorlax|Rest|p2a: Snorlax
|-status|p2a: Snorlax|slp
|-heal|p2a: Snorlax|100\/100 slp|[silent]
|-status|p2a: Snorlax|slp|[from] move: Rest
|
|upkeep
|turn|39
|inactive|Jimmy Turtwig has 135 seconds left.
|
|switch|p1a: Snorlax|Snorlax, M|94\/100
|-damage|p1a: Snorlax|82\/100|[from] Spikes
|cant|p2a: Snorlax|slp
|
|-heal|p1a: Snorlax|88\/100|[from] item: Leftovers
|upkeep
|turn|40
|inactive|d0nut has 285 seconds left.
|
|switch|p2a: Steelix|Steelix, M|62\/100
|-damage|p2a: Steelix|50\/100|[from] Spikes
|move|p1a: Snorlax|Curse|p1a: Snorlax
|-unboost|p1a: Snorlax|spe|1
|-boost|p1a: Snorlax|atk|1
|-boost|p1a: Snorlax|def|1
|
|-heal|p2a: Steelix|56\/100|[from] item: Leftovers
|-heal|p1a: Snorlax|94\/100|[from] item: Leftovers
|upkeep
|turn|41
|inactive|Jimmy Turtwig has 150 seconds left.
|
|move|p1a: Snorlax|Earthquake|p2a: Steelix
|-supereffective|p2a: Steelix
|-damage|p2a: Steelix|16\/100
|move|p2a: Steelix|Roar|p1a: Snorlax
|drag|p1a: Zapdos|Zapdos|100\/100 par
|
|-heal|p2a: Steelix|22\/100|[from] item: Leftovers
|upkeep
|turn|42
|
|switch|p1a: Cloyster|Cloyster, M|88\/100 slp
|-damage|p1a: Cloyster|76\/100 slp|[from] Spikes
|move|p2a: Steelix|Explosion|p1a: Cloyster
|-damage|p1a: Cloyster|0 fnt
|faint|p1a: Cloyster
|faint|p2a: Steelix
|inactive|d0nut has 285 seconds left.
|inactive|d0nut has 270 seconds left.
|
|switch|p1a: Snorlax|Snorlax, M|94\/100
|switch|p2a: Exeggutor|Exeggutor, M|100\/100
|-damage|p2a: Exeggutor|88\/100|[from] Spikes
|-damage|p1a: Snorlax|82\/100|[from] Spikes
|
|-heal|p2a: Exeggutor|94\/100|[from] item: Leftovers
|-heal|p1a: Snorlax|88\/100|[from] item: Leftovers
|upkeep
|turn|43
|
|move|p2a: Exeggutor|Explosion|p1a: Snorlax
|-damage|p1a: Snorlax|0 fnt
|faint|p1a: Snorlax
|faint|p2a: Exeggutor
|
|switch|p2a: Marowak|Marowak, M|100\/100
|switch|p1a: Zapdos|Zapdos|100\/100 par
|-damage|p2a: Marowak|88\/100|[from] Spikes
|
|upkeep
|turn|44
|
|move|p2a: Marowak|Swords Dance|p2a: Marowak
|-boost|p2a: Marowak|atk|2
|cant|p1a: Zapdos|par
|
|upkeep
|turn|45
|
|move|p2a: Marowak|Rock Slide|p1a: Zapdos
|-supereffective|p1a: Zapdos
|-damage|p1a: Zapdos|0 fnt
|faint|p1a: Zapdos
|
|win|d0nut
|c|☆Jimmy Turtwig|gg, sorry team
|c|☆d0nut|gg, sorry for the bs
</script>
</div>
<div class="battle-log battle-log-inline"><div class="inner"><div class="battle-options"></div><div class="inner"><div class="chat message-error">Battle timer is ON: inactive players will automatically lose when time's up.</div><div class=""><small>Format:</small> <br><strong>[Gen 2] OU</strong></div><div class=""><small><em>Sleep Clause Mod:</em> Limit one foe put to sleep</small></div><div class=""><small><em>Species Clause:</em> Limit one of each Pokémon</small></div><div class=""><small><em>OHKO Clause:</em> OHKO moves are banned</small></div><div class=""><small><em>Evasion Moves Clause:</em> Evasion moves are banned</small></div><div class=""><small><em>HP Percentage Mod:</em> HP is shown in percentages</small></div><div class="spacer battle-history"><br></div><div class="battle-history">Battle started between Jimmy Turtwig and d0nut!<br></div><div class="spacer battle-history"><br></div><div class="battle-history">Go! <strong>Snorlax</strong>!<br></div><div class="spacer battle-history"><br></div><div class="battle-history">d0nut sent out <strong>Exeggutor</strong>!<br></div><div class="spacer battle-history"><br></div><h2 class="battle-history">Turn 1</h2><div class="chat chatmessage-littlelucario"><strong style="color:#697d08"><small>+</small><span class="username" data-name="littlelucario">littlelucario</span>:</strong> <em>4</em></div><div class="chat chatmessage-finchinator"><strong style="color:#4754e6"><small>+</small><span class="username" data-name="Finchinator">Finchinator</span>:</strong> <em>d0</em></div><div class="chat"><div class="broadcast-red"><strong>Moderated chat was set to @!</strong><br>Only users of rank @ and higher can talk.</div></div><div class="chat message-error">Jimmy Turtwig has 285 seconds left.</div><div class="chat message-error">d0nut has 285 seconds left.</div><div class="chat message-error">Jimmy Turtwig has 270 seconds left.</div><div class="chat message-error">Jimmy Turtwig has 255 seconds left.</div><div class="spacer battle-history"><br></div><div class="battle-history">d0nut withdrew Exeggutor!<br></div><div class="battle-history">d0nut sent out <strong>Snorlax</strong>!<br></div><div class="spacer battle-history"><br></div><div class="battle-history">Snorlax, come back!<br></div><div class="battle-history">Go! <strong>Zapdos</strong>!<br></div><div class="spacer battle-history"><br></div><h2 class="battle-history">Turn 2</h2><div class="chat message-error">Jimmy Turtwig has 270 seconds left.</div><div class="chat message-error">Jimmy Turtwig has 255 seconds left.</div><div class="chat message-error">Jimmy Turtwig has 240 seconds left.</div><div class="chat message-error">Jimmy Turtwig has 225 seconds left.</div><div class="chat message-error">Jimmy Turtwig has 210 seconds left.</div><div class="spacer battle-history"><br></div><div class="battle-history">Zapdos used <strong>Thunder</strong>!<br></div><div class="battle-history"><small>(The opposing Snorlax lost 30% of its health!)</small><br></div><div class="spacer battle-history"><br></div><div class="battle-history">The opposing Snorlax used <strong>Curse</strong>!<br></div><div class="battle-history"><small>The opposing Snorlax's Speed fell!</small><br></div><div class="battle-history"><small>The opposing Snorlax's Attack rose!</small><br></div><div class="battle-history"><small>The opposing Snorlax's Defense rose!</small><br></div><div class="spacer battle-history"><br></div><div class="battle-history"><small>The opposing Snorlax restored a little HP using its Leftovers!</small><br></div><div class="spacer battle-history"><br></div><h2 class="battle-history">Turn 3</h2><div class="spacer battle-history"><br></div><div class="battle-history">Zapdos, come back!<br></div><div class="battle-history">Go! <strong>Steelix</strong>!<br></div><div class="spacer battle-history"><br></div><div class="battle-history">The opposing Snorlax used <strong>Body Slam</strong>!<br></div><div class="battle-history"><small>It's not very effective...</small><br></div><div class="battle-history"><small>(Steelix lost 13% of its health!)</small><br></div><div class="spacer battle-history"><br></div><div class="battle-history"><small>Steelix restored a little HP using its Leftovers!</small><br></div><div class="battle-history"><small>The opposing Snorlax restored a little HP using its Leftovers!</small><br></div><div class="spacer battle-history"><br></div><h2 class="battle-history">Turn 4</h2><div class="spacer battle-history"><br></div><div class="battle-history">The opposing Snorlax used <strong>Body Slam</strong>!<br></div><div class="battle-history"><small>It's not very effective...</small><br></div><div class="battle-history"><small>(Steelix lost 13% of its health!)</small><br></div><div class="spacer battle-history"><br></div><div class="battle-history">Steelix used <strong>Roar</strong>!<br></div><div class="spacer battle-history"><br></div><div class="battle-history"><strong>Zapdos</strong> was dragged out!<br></div><div class="spacer battle-history"><br></div><div class="battle-history"><small>Steelix restored a little HP using its Leftovers!</small><br></div><div class="spacer battle-history"><br></div><h2 class="battle-history">Turn 5</h2><div class="chat message-error">Jimmy Turtwig has 210 seconds left.</div><div class="chat message-error">Jimmy Turtwig has 195 seconds left.</div><div class="chat message-error">d0nut has 285 seconds left.</div><div class="spacer battle-history"><br></div><div class="battle-history">d0nut withdrew Zapdos!<br></div><div class="battle-history">d0nut sent out <strong>Exeggutor</strong>!<br></div><div class="spacer battle-history"><br></div><div class="battle-history">Steelix, come back!<br></div><div class="battle-history">Go! <strong>Snorlax</strong>!<br></div><div class="spacer battle-history"><br></div><h2 class="battle-history">Turn 6</h2><div class="chat message-error">Jimmy Turtwig has 195 seconds left.</div><div class="chat message-error">d0nut has 285 seconds left.</div><div class="chat message-error">Jimmy Turtwig has 180 seconds left.</div><div class="chat message-error">d0nut has 270 seconds left.</div><div class="chat message-error">Jimmy Turtwig has 165 seconds left.</div><div class="spacer battle-history"><br></div><div class="battle-history">d0nut withdrew Exeggutor!<br></div><div class="battle-history">d0nut sent out <strong>Snorlax</strong>!<br></div><div class="spacer battle-history"><br></div><div class="battle-history">Snorlax, come back!<br></div><div class="battle-history">Go! <strong>Zapdos</strong>!<br></div><div class="spacer battle-history"><br></div><div class="battle-history"><small>The opposing Snorlax restored a little HP using its Leftovers!</small><br></div><div class="spacer battle-history"><br></div><h2 class="battle-history">Turn 7</h2><div class="chat message-error">Jimmy Turtwig has 165 seconds left.</div><div class="chat message-error">Jimmy Turtwig has 150 seconds left.</div><div class="chat message-error">Jimmy Turtwig has 135 seconds left.</div><div class="chat message-error">Jimmy Turtwig has 120 seconds left.</div><div class="spacer battle-history"><br></div><div class="battle-history">Zapdos, come back!<br></div><div class="battle-history">Go! <strong>Steelix</strong>!<br></div><div class="spacer battle-history"><br></div><div class="battle-history">The opposing Snorlax used <strong>Body Slam</strong>!<br></div><div class="battle-history"><small>It's not very effective...</small><br></div><div class="battle-history"><small>(Steelix lost 9% of its health!)</small><br></div><div class="spacer battle-history"><br></div><div class="battle-history"><small>The opposing Snorlax restored a little HP using its Leftovers!</small><br></div><div class="battle-history"><small>Steelix restored a little HP using its Leftovers!</small><br></div><div class="spacer battle-history"><br></div><h2 class="battle-history">Turn 8</h2><div class="chat message-error">d0nut has 285 seconds left.</div><div class="chat message-error">Jimmy Turtwig has 120 seconds left.</div><div class="chat message-error">Jimmy Turtwig has 105 seconds left.</div><div class="spacer battle-history"><br></div><div class="battle-history">d0nut withdrew Snorlax!<br></div><div class="battle-history">d0nut sent out <strong>Zapdos</strong>!<br></div><div class="spacer battle-history"><br></div><div class="battle-history">Steelix used <strong>Roar</strong>!<br></div><div class="spacer battle-history"><br></div><div class="battle-history"><strong>Marowak</strong> was dragged out!<br></div><div class="spacer battle-history"><br></div><div class="battle-history"><small>Steelix restored a little HP using its Leftovers!</small><br></div><div class="spacer battle-history"><br></div><h2 class="battle-history">Turn 9</h2><div class="chat message-error">d0nut has 285 seconds left.</div><div class="chat message-error">Jimmy Turtwig has 105 seconds left.</div><div class="spacer battle-history"><br></div><div class="battle-history">d0nut withdrew Marowak!<br></div><div class="battle-history">d0nut sent out <strong>Exeggutor</strong>!<br></div><div class="spacer battle-history"><br></div><div class="battle-history">Steelix, come back!<br></div><div class="battle-history">Go! <strong>Cloyster</strong>!<br></div><div class="spacer battle-history"><br></div><h2 class="battle-history">Turn 10</h2><div class="chat message-error">Jimmy Turtwig has 105 seconds left.</div><div class="spacer battle-history"><br></div><div class="battle-history">Cloyster, come back!<br></div><div class="battle-history">Go! <strong>Zapdos</strong>!<br></div><div class="spacer battle-history"><br></div><div class="battle-history">The opposing Exeggutor used <strong>Stun Spore</strong>!<br></div><div class="battle-history"><small>Zapdos is paralyzed! It may be unable to move!</small><br></div><div class="spacer battle-history"><br></div><h2 class="battle-history">Turn 11</h2><div class="chat message-error">Jimmy Turtwig has 105 seconds left.</div><div class="chat message-error">d0nut has 285 seconds left.</div><div class="spacer battle-history"><br></div><div class="battle-history">d0nut withdrew Exeggutor!<br></div><div class="battle-history">d0nut sent out <strong>Snorlax</strong>!<br></div><div class="spacer battle-history"><br></div><div class="battle-history">Zapdos used <strong>Thunder</strong>!<br></div><div class="battle-history"><small>(The opposing Snorlax lost 29% of its health!)</small><br></div><div class="spacer battle-history"><br></div><div class="battle-history"><small>The opposing Snorlax restored a little HP using its Leftovers!</small><br></div><div class="spacer battle-history"><br></div><h2 class="battle-history">Turn 12</h2><div class="chat message-error">Jimmy Turtwig has 105 seconds left.</div><div class="chat message-error">Jimmy Turtwig has 90 seconds left.</div><div class="spacer battle-history"><br></div><div class="battle-history">The opposing Snorlax used <strong>Curse</strong>!<br></div><div class="battle-history"><small>The opposing Snorlax's Speed fell!</small><br></div><div class="battle-history"><small>The opposing Snorlax's Attack rose!</small><br></div><div class="battle-history"><small>The opposing Snorlax's Defense rose!</small><br></div><div class="spacer battle-history"><br></div><div class="battle-history">Zapdos is paralyzed! It can't move!<br></div><div class="spacer battle-history"><br></div><div class="battle-history"><small>The opposing Snorlax restored a little HP using its Leftovers!</small><br></div><div class="spacer battle-history"><br></div><h2 class="battle-history">Turn 13</h2><div class="chat message-error">Jimmy Turtwig has 90 seconds left.</div><div class="chat message-error">d0nut has 285 seconds left.</div><div class="chat message-error">Jimmy Turtwig has 75 seconds left.</div><div class="spacer battle-history"><br></div><div class="battle-history">Zapdos, come back!<br></div><div class="battle-history">Go! <strong>Steelix</strong>!<br></div><div class="spacer battle-history"><br></div><div class="battle-history">The opposing Snorlax used <strong>Body Slam</strong>!<br></div><div class="battle-history"><small>It's not very effective...</small><br></div><div class="battle-history"><small>(Steelix lost 14% of its health!)</small><br></div><div class="spacer battle-history"><br></div><div class="battle-history"><small>Steelix restored a little HP using its Leftovers!</small><br></div><div class="battle-history"><small>The opposing Snorlax restored a little HP using its Leftovers!</small><br></div><div class="spacer battle-history"><br></div><h2 class="battle-history">Turn 14</h2><div class="chat message-error">Jimmy Turtwig has 75 seconds left.</div><div class="spacer battle-history"><br></div><div class="battle-history">The opposing Snorlax used <strong>Body Slam</strong>!<br></div><div class="battle-history"><small>It's not very effective...</small><br></div><div class="battle-history"><small>(Steelix lost 14% of its health!)</small><br></div><div class="battle-history"><small>Steelix is paralyzed! It may be unable to move!</small><br></div><div class="spacer battle-history"><br></div><div class="battle-history">Steelix used <strong>Roar</strong>!<br></div><div class="spacer battle-history"><br></div><div class="battle-history"><strong>Steelix</strong> was dragged out!<br></div><div class="spacer battle-history"><br></div><div class="battle-history"><small>Steelix restored a little HP using its Leftovers!</small><br></div><div class="spacer battle-history"><br></div><h2 class="battle-history">Turn 15</h2><div class="chat message-error">Jimmy Turtwig has 75 seconds left.</div><div class="spacer battle-history"><br></div><div class="battle-history">d0nut withdrew Steelix!<br></div><div class="battle-history">d0nut sent out <strong>Cloyster</strong>!<br></div><div class="spacer battle-history"><br></div><div class="battle-history">Steelix, come back!<br></div><div class="battle-history">Go! <strong>Snorlax</strong>!<br></div><div class="spacer battle-history"><br></div><h2 class="battle-history">Turn 16</h2><div class="chat message-error">Jimmy Turtwig has 75 seconds left.</div><div class="spacer battle-history"><br></div><div class="battle-history">The opposing Cloyster used <strong>Spikes</strong>!<br></div><div class="battle-history"><small>Spikes were scattered on the ground all around your team!</small><br></div><div class="spacer battle-history"><br></div><div class="battle-history">Snorlax used <strong>Curse</strong>!<br></div><div class="battle-history"><small>Snorlax's Speed fell!</small><br></div><div class="battle-history"><small>Snorlax's Attack rose!</small><br></div><div class="battle-history"><small>Snorlax's Defense rose!</small><br></div><div class="spacer battle-history"><br></div><h2 class="battle-history">Turn 17</h2><div class="chat message-error">Jimmy Turtwig has 75 seconds left.</div><div class="spacer battle-history"><br></div><div class="battle-history">d0nut withdrew Cloyster!<br></div><div class="battle-history">d0nut sent out <strong>Steelix</strong>!<br></div><div class="spacer battle-history"><br></div><div class="battle-history">Snorlax used <strong>Double-Edge</strong>!<br></div><div class="battle-history"><small>It's not very effective...</small><br></div><div class="battle-history"><small>(The opposing Steelix lost 19% of its health!)</small><br></div><div class="battle-history"><small>Snorlax was damaged by the recoil!</small><br></div><div class="spacer battle-history"><br></div><div class="battle-history"><small>The opposing Steelix restored a little HP using its Leftovers!</small><br></div><div class="battle-history"><small>Snorlax restored a little HP using its Leftovers!</small><br></div><div class="spacer battle-history"><br></div><h2 class="battle-history">Turn 18</h2><div class="spacer battle-history"><br></div><div class="battle-history">Snorlax used <strong>Earthquake</strong>!<br></div><div class="battle-history"><small>It's super effective!</small><br></div><div class="battle-history"><small>(The opposing Steelix lost 43% of its health!)</small><br></div><div class="spacer battle-history"><br></div><div class="battle-history">The opposing Steelix used <strong>Roar</strong>!<br></div><div class="spacer battle-history"><br></div><div class="battle-history"><strong>Jynx</strong> was dragged out!<br></div><div class="battle-history"><small>Jynx was hurt by the spikes!</small><br></div><div class="spacer battle-history"><br></div><div class="battle-history"><small>Jynx restored a little HP using its Leftovers!</small><br></div><div class="battle-history"><small>The opposing Steelix restored a little HP using its Leftovers!</small><br></div><div class="spacer battle-history"><br></div><h2 class="battle-history">Turn 19</h2><div class="chat message-error">Jimmy Turtwig has 75 seconds left.</div><div class="chat message-error">d0nut has 285 seconds left.</div><div class="chat message-error">Jimmy Turtwig has 60 seconds left.</div><div class="chat message-error">d0nut has 270 seconds left.</div><div class="spacer battle-history"><br></div><div class="battle-history">Jynx, come back!<br></div><div class="battle-history">Go! <strong>Cloyster</strong>!<br></div><div class="battle-history"><small>Cloyster was hurt by the spikes!</small><br></div><div class="spacer battle-history"><br></div><div class="battle-history">The opposing Steelix used <strong>Roar</strong>!<br></div><div class="spacer battle-history"><br></div><div class="battle-history"><strong>Snorlax</strong> was dragged out!<br></div><div class="battle-history"><small>Snorlax was hurt by the spikes!</small><br></div><div class="spacer battle-history"><br></div><div class="battle-history"><small>Snorlax restored a little HP using its Leftovers!</small><br></div><div class="battle-history"><small>The opposing Steelix restored a little HP using its Leftovers!</small><br></div><div class="spacer battle-history"><br></div><h2 class="battle-history">Turn 20</h2><div class="chat message-error">Jimmy Turtwig has 60 seconds left.</div><div class="chat message-error">Jimmy Turtwig has 45 seconds left.</div><div class="chat message-error">d0nut has 285 seconds left.</div><div class="chat message-error">d0nut has 270 seconds left.</div><div class="spacer battle-history"><br></div><div class="battle-history">Snorlax, come back!<br></div><div class="battle-history">Go! <strong>Zapdos</strong>!<br></div><div class="spacer battle-history"><br></div><div class="battle-history">The opposing Steelix used <strong>Curse</strong>!<br></div><div class="battle-history"><small>The opposing Steelix's Speed fell!</small><br></div><div class="battle-history"><small>The opposing Steelix's Attack rose!</small><br></div><div class="battle-history"><small>The opposing Steelix's Defense rose!</small><br></div><div class="spacer battle-history"><br></div><div class="battle-history"><small>The opposing Steelix restored a little HP using its Leftovers!</small><br></div><div class="spacer battle-history"><br></div><h2 class="battle-history">Turn 21</h2><div class="chat message-error">Jimmy Turtwig has 30 seconds left.</div><div class="spacer battle-history"><br></div><div class="battle-history">d0nut withdrew Steelix!<br></div><div class="battle-history">d0nut sent out <strong>Snorlax</strong>!<br></div><div class="spacer battle-history"><br></div><div class="battle-history">Zapdos used <strong>Hidden Power</strong>!<br></div><div class="battle-history"><small>(The opposing Snorlax lost 12% of its health!)</small><br></div><div class="spacer battle-history"><br></div><div class="battle-history"><small>The opposing Snorlax restored a little HP using its Leftovers!</small><br></div><div class="spacer battle-history"><br></div><h2 class="battle-history">Turn 22</h2><div class="chat message-error">Jimmy Turtwig has 30 seconds left.</div><div class="spacer battle-history"><br></div><div class="battle-history">The opposing Snorlax used <strong>Curse</strong>!<br></div><div class="battle-history"><small>The opposing Snorlax's Speed fell!</small><br></div><div class="battle-history"><small>The opposing Snorlax's Attack rose!</small><br></div><div class="battle-history"><small>The opposing Snorlax's Defense rose!</small><br></div><div class="spacer battle-history"><br></div><div class="battle-history">Zapdos is paralyzed! It can't move!<br></div><div class="spacer battle-history"><br></div><div class="battle-history"><small>The opposing Snorlax restored a little HP using its Leftovers!</small><br></div><div class="spacer battle-history"><br></div><h2 class="battle-history">Turn 23</h2><div class="chat message-error">Jimmy Turtwig has 30 seconds left.</div><div class="spacer battle-history"><br></div><div class="battle-history">The opposing Snorlax used <strong>Curse</strong>!<br></div><div class="battle-history"><small>The opposing Snorlax's Speed fell!</small><br></div><div class="battle-history"><small>The opposing Snorlax's Attack rose!</small><br></div><div class="battle-history"><small>The opposing Snorlax's Defense rose!</small><br></div><div class="spacer battle-history"><br></div><div class="battle-history">Zapdos is paralyzed! It can't move!<br></div><div class="spacer battle-history"><br></div><div class="battle-history"><small>The opposing Snorlax restored a little HP using its Leftovers!</small><br></div><div class="spacer battle-history"><br></div><h2 class="battle-history">Turn 24</h2><div class="spacer battle-history"><br></div><div class="battle-history">Zapdos, come back!<br></div><div class="battle-history">Go! <strong>Steelix</strong>!<br></div><div class="battle-history"><small>Steelix was hurt by the spikes!</small><br></div><div class="spacer battle-history"><br></div><div class="battle-history">The opposing Snorlax used <strong>Body Slam</strong>!<br></div><div class="battle-history"><small>It's not very effective...</small><br></div><div class="battle-history"><small>(Steelix lost 17% of its health!)</small><br></div><div class="spacer battle-history"><br></div><div class="battle-history"><small>The opposing Snorlax restored a little HP using its Leftovers!</small><br></div><div class="battle-history"><small>Steelix restored a little HP using its Leftovers!</small><br></div><div class="spacer battle-history"><br></div><h2 class="battle-history">Turn 25</h2><div class="chat message-error">Jimmy Turtwig has 45 seconds left.</div><div class="spacer battle-history"><br></div><div class="battle-history">The opposing Snorlax used <strong>Body Slam</strong>!<br></div><div class="battle-history"><small>It's not very effective...</small><br></div><div class="battle-history"><small>(Steelix lost 18% of its health!)</small><br></div><div class="spacer battle-history"><br></div><div class="battle-history">Steelix used <strong>Roar</strong>!<br></div><div class="spacer battle-history"><br></div><div class="battle-history"><strong>Exeggutor</strong> was dragged out!<br></div><div class="spacer battle-history"><br></div><div class="battle-history"><small>Steelix restored a little HP using its Leftovers!</small><br></div><div class="spacer battle-history"><br></div><h2 class="battle-history">Turn 26</h2><div class="chat message-error">Jimmy Turtwig has 45 seconds left.</div><div class="spacer battle-history"><br></div><div class="battle-history">d0nut withdrew Exeggutor!<br></div><div class="battle-history">d0nut sent out <strong>Snorlax</strong>!<br></div><div class="spacer battle-history"><br></div><div class="battle-history">Steelix, come back!<br></div><div class="battle-history">Go! <strong>Zapdos</strong>!<br></div><div class="spacer battle-history"><br></div><div class="battle-history"><small>The opposing Snorlax restored a little HP using its Leftovers!</small><br></div><div class="spacer battle-history"><br></div><h2 class="battle-history">Turn 27</h2><div class="spacer battle-history"><br></div><div class="battle-history">Zapdos, come back!<br></div><div class="battle-history">Go! <strong>Cloyster</strong>!<br></div><div class="battle-history"><small>Cloyster was hurt by the spikes!</small><br></div><div class="spacer battle-history"><br></div><div class="battle-history">The opposing Snorlax used <strong>Curse</strong>!<br></div><div class="battle-history"><small>The opposing Snorlax's Speed fell!</small><br></div><div class="battle-history"><small>The opposing Snorlax's Attack rose!</small><br></div><div class="battle-history"><small>The opposing Snorlax's Defense rose!</small><br></div><div class="spacer battle-history"><br></div><div class="battle-history"><small>Cloyster restored a little HP using its Leftovers!</small><br></div><div class="spacer battle-history"><br></div><h2 class="battle-history">Turn 28</h2><div class="spacer battle-history"><br></div><div class="battle-history">Cloyster used <strong>Spikes</strong>!<br></div><div class="battle-history"><small>Spikes were scattered on the ground all around the opposing team!</small><br></div><div class="spacer battle-history"><br></div><div class="battle-history">The opposing Snorlax used <strong>Lovely Kiss</strong>!<br></div><div class="battle-history"><small>Cloyster fell asleep!</small><br></div><div class="spacer battle-history"><br></div><div class="battle-history"><small>Cloyster restored a little HP using its Leftovers!</small><br></div><div class="spacer battle-history"><br></div><h2 class="battle-history">Turn 29</h2><div class="spacer battle-history"><br></div><div class="battle-history">Cloyster, come back!<br></div><div class="battle-history">Go! <strong>Steelix</strong>!<br></div><div class="battle-history"><small>Steelix was hurt by the spikes!</small><br></div><div class="spacer battle-history"><br></div><div class="battle-history">The opposing Snorlax used <strong>Curse</strong>!<br></div><div class="battle-history"><small>The opposing Snorlax's Speed fell!</small><br></div><div class="battle-history"><small>The opposing Snorlax's Attack rose!</small><br></div><div class="battle-history"><small>The opposing Snorlax's Defense rose!</small><br></div><div class="spacer battle-history"><br></div><div class="battle-history"><small>Steelix restored a little HP using its Leftovers!</small><br></div><div class="spacer battle-history"><br></div><h2 class="battle-history">Turn 30</h2><div class="spacer battle-history"><br></div><div class="battle-history">The opposing Snorlax used <strong>Body Slam</strong>!<br></div><div class="battle-history"><small>It's not very effective...</small><br></div><div class="battle-history"><small>(Steelix lost 17% of its health!)</small><br></div><div class="spacer battle-history"><br></div><div class="battle-history">Steelix is paralyzed! It can't move!<br></div><div class="spacer battle-history"><br></div><div class="battle-history"><small>Steelix restored a little HP using its Leftovers!</small><br></div><div class="spacer battle-history"><br></div><h2 class="battle-history">Turn 31</h2><div class="spacer battle-history"><br></div><div class="battle-history">The opposing Snorlax used <strong>Body Slam</strong>!<br></div><div class="battle-history"><small>It's not very effective...</small><br></div><div class="battle-history"><small>(Steelix lost 18% of its health!)</small><br></div><div class="spacer battle-history"><br></div><div class="battle-history">Steelix is paralyzed! It can't move!<br></div><div class="spacer battle-history"><br></div><div class="battle-history"><small>Steelix restored a little HP using its Leftovers!</small><br></div><div class="spacer battle-history"><br></div><h2 class="battle-history">Turn 32</h2><div class="chat chatmessage-d0nut"><strong style="color:#0d9eca"><small>☆</small><span class="username" data-name="d0nut">d0nut</span>:</strong> <em>sorry</em></div><div class="chat message-error">Jimmy Turtwig has 75 seconds left.</div><div class="spacer battle-history"><br></div><div class="battle-history">The opposing Snorlax used <strong>Body Slam</strong>!<br></div><div class="battle-history"><small>It's not very effective...</small><br></div><div class="battle-history"><small>(Steelix lost 12% of its health!)</small><br></div><div class="spacer battle-history"><br></div><div class="battle-history">Steelix fainted!<br></div><div class="chat message-error">Jimmy Turtwig has 75 seconds left.</div><div class="spacer battle-history"><br></div><div class="battle-history">Go! <strong>Jynx</strong>!<br></div><div class="battle-history"><small>Jynx was hurt by the spikes!</small><br></div><div class="spacer battle-history"><br></div><div class="battle-history"><small>Jynx restored a little HP using its Leftovers!</small><br></div><div class="spacer battle-history"><br></div><h2 class="battle-history">Turn 33</h2><div class="spacer battle-history"><br></div><div class="battle-history">Jynx used <strong>Lovely Kiss</strong>!<br></div><div class="battle-history"><small>Jynx's attack missed!</small><br></div><div class="spacer battle-history"><br></div><div class="battle-history">The opposing Snorlax used <strong>Body Slam</strong>!<br></div><div class="battle-history"><small>(Jynx lost 88% of its health!)</small><br></div><div class="spacer battle-history"><br></div><div class="battle-history">Jynx fainted!<br></div><div class="spacer battle-history"><br></div><div class="battle-history">Go! <strong>Exeggutor</strong>!<br></div><div class="battle-history"><small>Exeggutor was hurt by the spikes!</small><br></div><div class="spacer battle-history"><br></div><div class="battle-history"><small>Exeggutor restored a little HP using its Leftovers!</small><br></div><div class="spacer battle-history"><br></div><h2 class="battle-history">Turn 34</h2><div class="spacer battle-history"><br></div><div class="battle-history">Exeggutor used <strong>Stun Spore</strong>!<br></div><div class="battle-history"><small>The opposing Snorlax is paralyzed! It may be unable to move!</small><br></div><div class="spacer battle-history"><br></div><div class="battle-history">The opposing Snorlax is paralyzed! It can't move!<br></div><div class="spacer battle-history"><br></div><div class="battle-history"><small>Exeggutor restored a little HP using its Leftovers!</small><br></div><div class="spacer battle-history"><br></div><h2 class="battle-history">Turn 35</h2><div class="spacer battle-history"><br></div><div class="battle-history">Exeggutor used <strong>Psychic</strong>!<br></div><div class="battle-history"><small>(The opposing Snorlax lost 22% of its health!)</small><br></div><div class="spacer battle-history"><br></div><div class="battle-history">The opposing Snorlax is paralyzed! It can't move!<br></div><div class="spacer battle-history"><br></div><div class="battle-history"><small>Exeggutor restored a little HP using its Leftovers!</small><br></div><div class="battle-history"><small>The opposing Snorlax restored a little HP using its Leftovers!</small><br></div><div class="spacer battle-history"><br></div><h2 class="battle-history">Turn 36</h2><div class="spacer battle-history"><br></div><div class="battle-history">Exeggutor used <strong>Psychic</strong>!<br></div><div class="battle-history"><small>(The opposing Snorlax lost 24% of its health!)</small><br></div><div class="spacer battle-history"><br></div><div class="battle-history">The opposing Snorlax used <strong>Body Slam</strong>!<br></div><div class="battle-history"><small>(Exeggutor lost 55% of its health!)</small><br></div><div class="spacer battle-history"><br></div><div class="battle-history"><small>Exeggutor restored a little HP using its Leftovers!</small><br></div><div class="battle-history"><small>The opposing Snorlax restored a little HP using its Leftovers!</small><br></div><div class="spacer battle-history"><br></div><h2 class="battle-history">Turn 37</h2><div class="spacer battle-history"><br></div><div class="battle-history">Exeggutor used <strong>Explosion</strong>!<br></div><div class="battle-history"><small>(The opposing Snorlax lost 43% of its health!)</small><br></div><div class="spacer battle-history"><br></div><div class="battle-history">Exeggutor fainted!<br></div><div class="spacer battle-history"><br></div><div class="battle-history">Go! <strong>Zapdos</strong>!<br></div><div class="spacer battle-history"><br></div><div class="battle-history"><small>The opposing Snorlax restored a little HP using its Leftovers!</small><br></div><div class="spacer battle-history"><br></div><h2 class="battle-history">Turn 38</h2><div class="spacer battle-history"><br></div><div class="battle-history">Zapdos used <strong>Thunder</strong>!<br></div><div class="battle-history"><small>(The opposing Snorlax lost 28% of its health!)</small><br></div><div class="spacer battle-history"><br></div><div class="battle-history">The opposing Snorlax used <strong>Rest</strong>!<br></div><div class="battle-history"><small>The opposing Snorlax fell asleep!</small><br></div><div class="battle-history"><small>The opposing Snorlax slept and became healthy!</small><br></div><div class="spacer battle-history"><br></div><h2 class="battle-history">Turn 39</h2><div class="chat message-error">Jimmy Turtwig has 135 seconds left.</div><div class="spacer battle-history"><br></div><div class="battle-history">Zapdos, come back!<br></div><div class="battle-history">Go! <strong>Snorlax</strong>!<br></div><div class="battle-history"><small>Snorlax was hurt by the spikes!</small><br></div><div class="spacer battle-history"><br></div><div class="battle-history">The opposing Snorlax is fast asleep.<br></div><div class="spacer battle-history"><br></div><div class="battle-history"><small>Snorlax restored a little HP using its Leftovers!</small><br></div><div class="spacer battle-history"><br></div><h2 class="battle-history">Turn 40</h2><div class="chat message-error">d0nut has 285 seconds left.</div><div class="spacer battle-history"><br></div><div class="battle-history">d0nut withdrew Snorlax!<br></div><div class="battle-history">d0nut sent out <strong>Steelix</strong>!<br></div><div class="battle-history"><small>The opposing Steelix was hurt by the spikes!</small><br></div><div class="spacer battle-history"><br></div><div class="battle-history">Snorlax used <strong>Curse</strong>!<br></div><div class="battle-history"><small>Snorlax's Speed fell!</small><br></div><div class="battle-history"><small>Snorlax's Attack rose!</small><br></div><div class="battle-history"><small>Snorlax's Defense rose!</small><br></div><div class="spacer battle-history"><br></div><div class="battle-history"><small>The opposing Steelix restored a little HP using its Leftovers!</small><br></div><div class="battle-history"><small>Snorlax restored a little HP using its Leftovers!</small><br></div><div class="spacer battle-history"><br></div><h2 class="battle-history">Turn 41</h2><div class="chat message-error">Jimmy Turtwig has 150 seconds left.</div><div class="spacer battle-history"><br></div><div class="battle-history">Snorlax used <strong>Earthquake</strong>!<br></div><div class="battle-history"><small>It's super effective!</small><br></div><div class="battle-history"><small>(The opposing Steelix lost 40% of its health!)</small><br></div><div class="spacer battle-history"><br></div><div class="battle-history">The opposing Steelix used <strong>Roar</strong>!<br></div><div class="spacer battle-history"><br></div><div class="battle-history"><strong>Zapdos</strong> was dragged out!<br></div><div class="spacer battle-history"><br></div><div class="battle-history"><small>The opposing Steelix restored a little HP using its Leftovers!</small><br></div><div class="spacer battle-history"><br></div><h2 class="battle-history">Turn 42</h2><div class="spacer battle-history"><br></div><div class="battle-history">Zapdos, come back!<br></div><div class="battle-history">Go! <strong>Cloyster</strong>!<br></div><div class="battle-history"><small>Cloyster was hurt by the spikes!</small><br></div><div class="spacer battle-history"><br></div><div class="battle-history">The opposing Steelix used <strong>Explosion</strong>!<br></div><div class="battle-history"><small>(Cloyster lost 76% of its health!)</small><br></div><div class="spacer battle-history"><br></div><div class="battle-history">Cloyster fainted!<br></div><div class="battle-history">The opposing Steelix fainted!<br></div><div class="chat message-error">d0nut has 285 seconds left.</div><div class="chat message-error">d0nut has 270 seconds left.</div><div class="spacer battle-history"><br></div><div class="battle-history">Go! <strong>Snorlax</strong>!<br></div><div class="spacer battle-history"><br></div><div class="battle-history">d0nut sent out <strong>Exeggutor</strong>!<br></div><div class="battle-history"><small>The opposing Exeggutor was hurt by the spikes!</small><br></div><div class="battle-history"><small>Snorlax was hurt by the spikes!</small><br></div><div class="spacer battle-history"><br></div><div class="battle-history"><small>The opposing Exeggutor restored a little HP using its Leftovers!</small><br></div><div class="battle-history"><small>Snorlax restored a little HP using its Leftovers!</small><br></div><div class="spacer battle-history"><br></div><h2 class="battle-history">Turn 43</h2><div class="spacer battle-history"><br></div><div class="battle-history">The opposing Exeggutor used <strong>Explosion</strong>!<br></div><div class="battle-history"><small>(Snorlax lost 88% of its health!)</small><br></div><div class="spacer battle-history"><br></div><div class="battle-history">Snorlax fainted!<br></div><div class="battle-history">The opposing Exeggutor fainted!<br></div><div class="spacer battle-history"><br></div><div class="battle-history">d0nut sent out <strong>Marowak</strong>!<br></div><div class="spacer battle-history"><br></div><div class="battle-history">Go! <strong>Zapdos</strong>!<br></div><div class="battle-history"><small>The opposing Marowak was hurt by the spikes!</small><br></div><div class="spacer battle-history"><br></div><h2 class="battle-history">Turn 44</h2><div class="spacer battle-history"><br></div><div class="battle-history">The opposing Marowak used <strong>Swords Dance</strong>!<br></div><div class="battle-history"><small>The opposing Marowak's Attack rose sharply!</small><br></div><div class="spacer battle-history"><br></div><div class="battle-history">Zapdos is paralyzed! It can't move!<br></div><div class="spacer battle-history"><br></div><h2 class="battle-history">Turn 45</h2><div class="spacer battle-history"><br></div><div class="battle-history">The opposing Marowak used <strong>Rock Slide</strong>!<br></div><div class="battle-history"><small>It's super effective!</small><br></div><div class="battle-history"><small>(Zapdos lost 100% of its health!)</small><br></div><div class="spacer battle-history"><br></div><div class="battle-history">Zapdos fainted!<br></div><div class="spacer battle-history"><br></div><div class="battle-history"><strong>d0nut</strong> won the battle!<br></div><div class="chat chatmessage-jimmyturtwig"><strong style="color:#9945d2"><small>☆</small><span class="username" data-name="Jimmy Turtwig">Jimmy Turtwig</span>:</strong> <em>gg, sorry team</em></div><div class="chat chatmessage-d0nut"><strong style="color:#0d9eca"><small>☆</small><span class="username" data-name="d0nut">d0nut</span>:</strong> <em>gg, sorry for the bs</em></div></div><div class="inner-preempt"></div></div></div>
</div>
<script>
let daily = Math.floor(Date.now()/1000/60/60/24);document.write('<script src="https://play.pokemonshowdown.com/js/replay-embed.js?version'+daily+'"></'+'script>');
</script>
