<!DOCTYPE html>
<meta charset="utf-8" />
<!-- version 1 -->
<title>[Gen 2] OU replay: Texas Cloverleaf vs. Lavos</title>
<style>
html,body {font-family:Verdana, sans-serif;font-size:10pt;margin:0;padding:0;}body{padding:12px 0;} .battle-log {font-family:Verdana, sans-serif;font-size:10pt;} .battle-log-inline {border:1px solid #AAAAAA;background:#EEF2F5;color:black;max-width:640px;margin:0 auto 80px;padding-bottom:5px;} .battle-log .inner {padding:4px 8px 0px 8px;} .battle-log .inner-preempt {padding:0 8px 4px 8px;} .battle-log .inner-after {margin-top:0.5em;} .battle-log h2 {margin:0.5em -8px;padding:4px 8px;border:1px solid #AAAAAA;background:#E0E7EA;border-left:0;border-right:0;font-family:Verdana, sans-serif;font-size:13pt;} .battle-log .chat {vertical-align:middle;padding:3px 0 3px 0;font-size:8pt;} .battle-log .chat strong {color:#40576A;} .battle-log .chat em {padding:1px 4px 1px 3px;color:#000000;font-style:normal;} .chat.mine {background:rgba(0,0,0,0.05);margin-left:-8px;margin-right:-8px;padding-left:8px;padding-right:8px;} .spoiler {color:#BBBBBB;background:#BBBBBB;padding:0px 3px;} .spoiler:hover, .spoiler:active, .spoiler-shown {color:#000000;background:#E2E2E2;padding:0px 3px;} .spoiler a {color:#BBBBBB;} .spoiler:hover a, .spoiler:active a, .spoiler-shown a {color:#2288CC;} .chat code, .chat .spoiler:hover code, .chat .spoiler:active code, .chat .spoiler-shown code {border:1px solid #C0C0C0;background:#EEEEEE;color:black;padding:0 2px;} .chat .spoiler code {border:1px solid #CCCCCC;background:#CCCCCC;color:#CCCCCC;} .battle-log .rated {padding:3px 4px;} .battle-log .rated strong {color:white;background:#89A;padding:1px 4px;border-radius:4px;} .spacer {margin-top:0.5em;} .message-announce {background:#6688AA;color:white;padding:1px 4px 2px;} .message-announce a, .broadcast-green a, .broadcast-blue a, .broadcast-red a {color:#DDEEFF;} .broadcast-green {background-color:#559955;color:white;padding:2px 4px;} .broadcast-blue {background-color:#6688AA;color:white;padding:2px 4px;} .infobox {border:1px solid #6688AA;padding:2px 4px;} .infobox-limited {max-height:200px;overflow:auto;overflow-x:hidden;} .broadcast-red {background-color:#AA5544;color:white;padding:2px 4px;} .message-learn-canlearn {font-weight:bold;color:#228822;text-decoration:underline;} .message-learn-cannotlearn {font-weight:bold;color:#CC2222;text-decoration:underline;} .message-effect-weak {font-weight:bold;color:#CC2222;} .message-effect-resist {font-weight:bold;color:#6688AA;} .message-effect-immune {font-weight:bold;color:#666666;} .message-learn-list {margin-top:0;margin-bottom:0;} .message-throttle-notice, .message-error {color:#992222;} .message-overflow, .chat small.message-overflow {font-size:0pt;} .message-overflow::before {font-size:9pt;content:'...';} .subtle {color:#3A4A66;}
</style>
<div class="wrapper replay-wrapper" style="max-width:1180px;margin:0 auto">
<input type="hidden" name="replayid" value="smogtours-gen2ou-387343" />
<div class="battle"></div><div class="battle-log"></div><div class="replay-controls"></div><div class="replay-controls-2"></div>
<h1 style="font-weight:normal;text-align:center"><strong>[Gen 2] OU</strong><br /><a href="http://pokemonshowdown.com/users/texascloverleaf" class="subtle" target="_blank">Texas Cloverleaf</a> vs. <a href="http://pokemonshowdown.com/users/lavos" class="subtle" target="_blank">Lavos</a></h1>
<script type="text/plain" class="battle-log-data">|inactive|Battle timer is ON: inactive players will automatically lose when time's up.
|player|p1|Texas Cloverleaf|#texascloverleaf
|player|p2|Lavos|76
|teamsize|p1|6
|teamsize|p2|6
|gametype|singles
|gen|2
|tier|[Gen 2] OU
|rule|Sleep Clause Mod: Limit one foe put to sleep
|rule|Freeze Clause Mod: Limit one foe frozen
|rule|Species Clause: Limit one of each Pokémon
|rule|OHKO Clause: OHKO moves are banned
|rule|Evasion Moves Clause: Evasion moves are banned
|rule|HP Percentage Mod: HP is shown in percentages
|
|start
|switch|p1a: Zapdos|Zapdos|100\/100
|switch|p2a: NO HANDS|Cloyster, M|100\/100
|turn|1
|c|☆Lavos|gl hf
|c|+SweetPosho|nut
|c|☆Texas Cloverleaf|you too
|c|+Souf|nut
|
|switch|p2a: FUCK THE CLUB UP|Raikou|100\/100
|move|p1a: Zapdos|Thunder|p2a: FUCK THE CLUB UP|[miss]
|-miss|p1a: Zapdos
|
|upkeep
|turn|2
|inactive|Lavos has 285 seconds left.
|
|switch|p1a: Snorlax|Snorlax, M|100\/100
|move|p2a: FUCK THE CLUB UP|Thunder|p1a: Snorlax
|-damage|p1a: Snorlax|72\/100
|
|-heal|p1a: Snorlax|79\/100|[from] item: Leftovers
|upkeep
|turn|3
|c|+sua!pah|TEXAS
|c|+sua!pah|LETS GO
|raw|<div class="broadcast-red"><strong>Moderated chat was set to ☆!<\/strong><br \/>Only users of rank ☆ and higher can talk.<\/div>
|inactive|Lavos has 285 seconds left.
|
|switch|p2a: NO HANDS|Cloyster, M|100\/100
|move|p1a: Snorlax|Curse|p1a: Snorlax
|-unboost|p1a: Snorlax|spe|1
|-boost|p1a: Snorlax|atk|1
|-boost|p1a: Snorlax|def|1
|
|-heal|p1a: Snorlax|85\/100|[from] item: Leftovers
|upkeep
|turn|4
|
|move|p2a: NO HANDS|Toxic|p1a: Snorlax
|-status|p1a: Snorlax|tox
|move|p1a: Snorlax|Curse|p1a: Snorlax
|-unboost|p1a: Snorlax|spe|1
|-boost|p1a: Snorlax|atk|1
|-boost|p1a: Snorlax|def|1
|-damage|p1a: Snorlax|79\/100 tox|[from] tox|[of] p2a: NO HANDS
|
|-heal|p1a: Snorlax|85\/100 tox|[from] item: Leftovers
|upkeep
|turn|5
|inactive|Texas Cloverleaf has 285 seconds left.
|
|move|p2a: NO HANDS|Spikes|p1a: Snorlax
|-sidestart|p1: Texas Cloverleaf|Spikes
|move|p1a: Snorlax|Curse|p1a: Snorlax
|-unboost|p1a: Snorlax|spe|1
|-boost|p1a: Snorlax|atk|1
|-boost|p1a: Snorlax|def|1
|-damage|p1a: Snorlax|72\/100 tox|[from] tox|[of] p2a: NO HANDS
|
|-heal|p1a: Snorlax|79\/100 tox|[from] item: Leftovers
|upkeep
|turn|6
|inactive|Lavos has 285 seconds left.
|
|move|p2a: NO HANDS|Surf|p1a: Snorlax
|-damage|p1a: Snorlax|61\/100 tox
|move|p1a: Snorlax|Body Slam|p2a: NO HANDS
|-damage|p2a: NO HANDS|47\/100
|-damage|p1a: Snorlax|42\/100 tox|[from] tox|[of] p2a: NO HANDS
|
|-heal|p2a: NO HANDS|53\/100|[from] item: Leftovers
|-heal|p1a: Snorlax|48\/100 tox|[from] item: Leftovers
|upkeep
|turn|7
|inactive|Lavos has 285 seconds left.
|
|switch|p2a: HARD IN DA PAINT|Rhydon, M|100\/100
|move|p1a: Snorlax|Rest|p1a: Snorlax
|-status|p1a: Snorlax|slp
|-heal|p1a: Snorlax|100\/100 slp|[silent]
|-status|p1a: Snorlax|slp|[from] move: Rest
|
|upkeep
|turn|8
|
|cant|p1a: Snorlax|slp
|move|p2a: HARD IN DA PAINT|Roar|p1a: Snorlax
|drag|p1a: Cloyster|Cloyster, M|100\/100
|-damage|p1a: Cloyster|88\/100|[from] Spikes
|
|-heal|p1a: Cloyster|94\/100|[from] item: Leftovers
|upkeep
|turn|9
|inactive|Lavos has 285 seconds left.
|
|switch|p2a: FUCK THE CLUB UP|Raikou|100\/100
|move|p1a: Cloyster|Spikes|p2a: FUCK THE CLUB UP
|-sidestart|p2: Lavos|Spikes
|
|-heal|p1a: Cloyster|99\/100|[from] item: Leftovers
|upkeep
|turn|10
|inactive|Lavos has 285 seconds left.
|
|switch|p2a: HARD IN DA PAINT|Rhydon, M|100\/100
|-damage|p2a: HARD IN DA PAINT|88\/100|[from] Spikes
|switch|p1a: Steelix|Steelix, M|100\/100
|-damage|p1a: Steelix|88\/100|[from] Spikes
|
|-heal|p2a: HARD IN DA PAINT|94\/100|[from] item: Leftovers
|-heal|p1a: Steelix|94\/100|[from] item: Leftovers
|upkeep
|turn|11
|inactive|Lavos has 285 seconds left.
|inactive|Texas Cloverleaf has 285 seconds left.
|inactive|Texas Cloverleaf has 270 seconds left.
|
|switch|p1a: Cloyster|Cloyster, M|99\/100
|-damage|p1a: Cloyster|88\/100|[from] Spikes
|move|p2a: HARD IN DA PAINT|Earthquake|p1a: Cloyster
|-damage|p1a: Cloyster|57\/100
|
|-heal|p1a: Cloyster|63\/100|[from] item: Leftovers
|-heal|p2a: HARD IN DA PAINT|99\/100|[from] item: Leftovers
|upkeep
|turn|12
|
|switch|p2a: FUCK THE CLUB UP|Raikou|100\/100
|-damage|p2a: FUCK THE CLUB UP|88\/100|[from] Spikes
|move|p1a: Cloyster|Toxic|p2a: FUCK THE CLUB UP
|-status|p2a: FUCK THE CLUB UP|tox
|
|-heal|p2a: FUCK THE CLUB UP|94\/100 tox|[from] item: Leftovers
|-heal|p1a: Cloyster|68\/100|[from] item: Leftovers
|upkeep
|turn|13
|
|switch|p2a: NO HANDS|Cloyster, M|53\/100
|-damage|p2a: NO HANDS|41\/100|[from] Spikes
|switch|p1a: Steelix|Steelix, M|94\/100
|-damage|p1a: Steelix|82\/100|[from] Spikes
|
|-heal|p2a: NO HANDS|47\/100|[from] item: Leftovers
|-heal|p1a: Steelix|88\/100|[from] item: Leftovers
|upkeep
|turn|14
|inactive|Lavos has 285 seconds left.
|
|switch|p1a: Zapdos|Zapdos|100\/100
|move|p2a: NO HANDS|Surf|p1a: Zapdos
|-damage|p1a: Zapdos|74\/100
|
|-heal|p1a: Zapdos|80\/100|[from] item: Leftovers
|-heal|p2a: NO HANDS|53\/100|[from] item: Leftovers
|upkeep
|turn|15
|inactive|Lavos has 285 seconds left.
|
|switch|p2a: FUCK THE CLUB UP|Raikou|94\/100 tox
|-status|p2a: FUCK THE CLUB UP|psn
|-damage|p2a: FUCK THE CLUB UP|82\/100 psn|[from] Spikes
|-damage|p2a: FUCK THE CLUB UP|70\/100 psn|[from] psn
|move|p1a: Zapdos|Thunder|p2a: FUCK THE CLUB UP|[miss]
|-miss|p1a: Zapdos
|
|-heal|p2a: FUCK THE CLUB UP|76\/100 psn|[from] item: Leftovers
|-heal|p1a: Zapdos|86\/100|[from] item: Leftovers
|upkeep
|turn|16
|inactive|Lavos has 285 seconds left.
|inactive|Texas Cloverleaf has 285 seconds left.
|inactive|Texas Cloverleaf has 270 seconds left.
|inactive|Lavos has 270 seconds left.
|inactive|Lavos has 255 seconds left.
|
|switch|p1a: Snorlax|Snorlax, M|100\/100 slp
|-damage|p1a: Snorlax|88\/100 slp|[from] Spikes
|move|p2a: FUCK THE CLUB UP|Hidden Power|p1a: Snorlax
|-damage|p1a: Snorlax|78\/100 slp
|-damage|p2a: FUCK THE CLUB UP|63\/100 psn|[from] psn|[of] p1a: Snorlax
|
|-heal|p2a: FUCK THE CLUB UP|69\/100 psn|[from] item: Leftovers
|-heal|p1a: Snorlax|84\/100 slp|[from] item: Leftovers
|upkeep
|turn|17
|inactive|Lavos has 255 seconds left.
|
|switch|p2a: HARD IN DA PAINT|Rhydon, M|99\/100
|-damage|p2a: HARD IN DA PAINT|88\/100|[from] Spikes
|cant|p1a: Snorlax|slp
|
|-heal|p2a: HARD IN DA PAINT|94\/100|[from] item: Leftovers
|-heal|p1a: Snorlax|90\/100 slp|[from] item: Leftovers
|upkeep
|turn|18
|inactive|Lavos has 255 seconds left.
|inactive|Lavos has 240 seconds left.
|
|move|p2a: HARD IN DA PAINT|Rock Slide|p1a: Snorlax
|-damage|p1a: Snorlax|62\/100 slp
|-curestatus|p1a: Snorlax|slp|[msg]
|cant|p1a: Snorlax|flinch
|
|-heal|p2a: HARD IN DA PAINT|99\/100|[from] item: Leftovers
|-heal|p1a: Snorlax|69\/100|[from] item: Leftovers
|upkeep
|turn|19
|inactive|Lavos has 240 seconds left.
|inactive|Texas Cloverleaf has 285 seconds left.
|
|move|p2a: HARD IN DA PAINT|Earthquake|p1a: Snorlax
|-damage|p1a: Snorlax|31\/100
|move|p1a: Snorlax|Curse|p1a: Snorlax
|-unboost|p1a: Snorlax|spe|1
|-boost|p1a: Snorlax|atk|1
|-boost|p1a: Snorlax|def|1
|
|-heal|p2a: HARD IN DA PAINT|100\/100|[from] item: Leftovers
|-heal|p1a: Snorlax|37\/100|[from] item: Leftovers
|upkeep
|turn|20
|inactive|Lavos has 240 seconds left.
|
|move|p2a: HARD IN DA PAINT|Curse|p2a: HARD IN DA PAINT
|-unboost|p2a: HARD IN DA PAINT|spe|1
|-boost|p2a: HARD IN DA PAINT|atk|1
|-boost|p2a: HARD IN DA PAINT|def|1
|move|p1a: Snorlax|Earthquake|p2a: HARD IN DA PAINT
|-supereffective|p2a: HARD IN DA PAINT
|-damage|p2a: HARD IN DA PAINT|67\/100
|
|-heal|p2a: HARD IN DA PAINT|73\/100|[from] item: Leftovers
|-heal|p1a: Snorlax|44\/100|[from] item: Leftovers
|upkeep
|turn|21
|inactive|Texas Cloverleaf has 285 seconds left.
|inactive|Lavos has 240 seconds left.
|
|switch|p1a: Cloyster|Cloyster, M|68\/100
|-damage|p1a: Cloyster|56\/100|[from] Spikes
|move|p2a: HARD IN DA PAINT|Rock Slide|p1a: Cloyster
|-supereffective|p1a: Cloyster
|-damage|p1a: Cloyster|0 fnt
|faint|p1a: Cloyster
|
|switch|p1a: Vaporeon|Vaporeon, M|100\/100
|-damage|p1a: Vaporeon|88\/100|[from] Spikes
|
|-heal|p1a: Vaporeon|94\/100|[from] item: Leftovers
|-heal|p2a: HARD IN DA PAINT|79\/100|[from] item: Leftovers
|upkeep
|turn|22
|inactive|Lavos has 240 seconds left.
|inactive|Texas Cloverleaf has 285 seconds left.
|inactive|Lavos has 225 seconds left.
|inactive|Texas Cloverleaf has 270 seconds left.
|inactive|Texas Cloverleaf has 255 seconds left.
|
|switch|p2a: BRICKSQUAD|Snorlax, M|100\/100
|-damage|p2a: BRICKSQUAD|88\/100|[from] Spikes
|move|p1a: Vaporeon|Growth|p1a: Vaporeon
|-boost|p1a: Vaporeon|spa|1
|
|-heal|p1a: Vaporeon|99\/100|[from] item: Leftovers
|-heal|p2a: BRICKSQUAD|94\/100|[from] item: Leftovers
|upkeep
|turn|23
|inactive|Texas Cloverleaf has 285 seconds left.
|inactive|Lavos has 225 seconds left.
|
|move|p1a: Vaporeon|Hydro Pump|p2a: BRICKSQUAD|[miss]
|-miss|p1a: Vaporeon
|move|p2a: BRICKSQUAD|Double-Edge|p1a: Vaporeon
|-damage|p1a: Vaporeon|56\/100
|-damage|p2a: BRICKSQUAD|84\/100|[from] Recoil|[of] p1a: Vaporeon
|
|-heal|p1a: Vaporeon|62\/100|[from] item: Leftovers
|-heal|p2a: BRICKSQUAD|91\/100|[from] item: Leftovers
|upkeep
|turn|24
|inactive|Texas Cloverleaf has 285 seconds left.
|inactive|Lavos has 210 seconds left.
|
|switch|p1a: Steelix|Steelix, M|88\/100
|-damage|p1a: Steelix|76\/100|[from] Spikes
|move|p2a: BRICKSQUAD|Double-Edge|p1a: Steelix
|-resisted|p1a: Steelix
|-damage|p1a: Steelix|63\/100
|-damage|p2a: BRICKSQUAD|88\/100|[from] Recoil|[of] p1a: Steelix
|
|-heal|p2a: BRICKSQUAD|95\/100|[from] item: Leftovers
|-heal|p1a: Steelix|69\/100|[from] item: Leftovers
|upkeep
|turn|25
|inactive|Lavos has 210 seconds left.
|inactive|Lavos has 195 seconds left.
|
|move|p2a: BRICKSQUAD|Curse|p2a: BRICKSQUAD
|-unboost|p2a: BRICKSQUAD|spe|1
|-boost|p2a: BRICKSQUAD|atk|1
|-boost|p2a: BRICKSQUAD|def|1
|move|p1a: Steelix|Earthquake|p2a: BRICKSQUAD
|-damage|p2a: BRICKSQUAD|77\/100
|
|-heal|p1a: Steelix|76\/100|[from] item: Leftovers
|-heal|p2a: BRICKSQUAD|83\/100|[from] item: Leftovers
|upkeep
|turn|26
|
|move|p2a: BRICKSQUAD|Earthquake|p1a: Steelix
|-supereffective|p1a: Steelix
|-damage|p1a: Steelix|35\/100
|move|p1a: Steelix|Roar|p2a: BRICKSQUAD
|drag|p2a: NO HANDS|Cloyster, M|53\/100
|-damage|p2a: NO HANDS|40\/100|[from] Spikes
|
|-heal|p2a: NO HANDS|46\/100|[from] item: Leftovers
|-heal|p1a: Steelix|42\/100|[from] item: Leftovers
|upkeep
|turn|27
|inactive|Lavos has 195 seconds left.
|
|switch|p1a: Zapdos|Zapdos|86\/100
|move|p2a: NO HANDS|Explosion|p1a: Zapdos
|-damage|p1a: Zapdos|0 fnt
|faint|p1a: Zapdos
|faint|p2a: NO HANDS
|inactive|Lavos has 195 seconds left.
|inactive|Texas Cloverleaf has 285 seconds left.
|inactive|Lavos has 180 seconds left.
|inactive|Texas Cloverleaf has 270 seconds left.
|inactive|Texas Cloverleaf has 255 seconds left.
|inactive|Lavos has 165 seconds left.
|inactive|Texas Cloverleaf has 240 seconds left.
|inactive|Texas Cloverleaf has 225 seconds left.
|
|switch|p1a: Vaporeon|Vaporeon, M|62\/100
|switch|p2a: G CHECK|Heracross, M|100\/100
|-damage|p2a: G CHECK|88\/100|[from] Spikes
|-damage|p1a: Vaporeon|50\/100|[from] Spikes
|
|-heal|p2a: G CHECK|94\/100|[from] item: Leftovers
|-heal|p1a: Vaporeon|56\/100|[from] item: Leftovers
|upkeep
|turn|28
|inactive|Texas Cloverleaf has 225 seconds left.
|inactive|Lavos has 165 seconds left.
|inactive|Texas Cloverleaf has 210 seconds left.
|inactive|Texas Cloverleaf has 195 seconds left.
|
|move|p2a: G CHECK|Curse|p2a: G CHECK
|-unboost|p2a: G CHECK|spe|1
|-boost|p2a: G CHECK|atk|1
|-boost|p2a: G CHECK|def|1
|move|p1a: Vaporeon|Hydro Pump|p2a: G CHECK
|-damage|p2a: G CHECK|53\/100
|
|-heal|p1a: Vaporeon|62\/100|[from] item: Leftovers
|-heal|p2a: G CHECK|59\/100|[from] item: Leftovers
|upkeep
|turn|29
|inactive|Texas Cloverleaf has 195 seconds left.
|inactive|Lavos has 165 seconds left.
|
|move|p1a: Vaporeon|Hydro Pump|p2a: G CHECK|[miss]
|-miss|p1a: Vaporeon
|move|p2a: G CHECK|Megahorn|p1a: Vaporeon
|-crit|p1a: Vaporeon
|-damage|p1a: Vaporeon|0 fnt
|faint|p1a: Vaporeon
|
|switch|p1a: Steelix|Steelix, M|42\/100
|-damage|p1a: Steelix|29\/100|[from] Spikes
|
|-heal|p2a: G CHECK|66\/100|[from] item: Leftovers
|-heal|p1a: Steelix|35\/100|[from] item: Leftovers
|upkeep
|turn|30
|inactive|Lavos has 180 seconds left.
|
|move|p2a: G CHECK|Megahorn|p1a: Steelix
|-resisted|p1a: Steelix
|-damage|p1a: Steelix|15\/100
|move|p1a: Steelix|Explosion|p2a: G CHECK
|-damage|p2a: G CHECK|0 fnt
|faint|p2a: G CHECK
|faint|p1a: Steelix
|inactive|Lavos has 180 seconds left.
|
|switch|p2a: HARD IN DA PAINT|Rhydon, M|79\/100
|switch|p1a: Machamp|Machamp, M|100\/100
|-damage|p1a: Machamp|88\/100|[from] Spikes
|-damage|p2a: HARD IN DA PAINT|67\/100|[from] Spikes
|
|-heal|p1a: Machamp|94\/100|[from] item: Leftovers
|-heal|p2a: HARD IN DA PAINT|73\/100|[from] item: Leftovers
|upkeep
|turn|31
|inactive|Texas Cloverleaf has 225 seconds left.
|inactive|Lavos has 180 seconds left.
|
|move|p1a: Machamp|Cross Chop|p2a: HARD IN DA PAINT
|-supereffective|p2a: HARD IN DA PAINT
|-damage|p2a: HARD IN DA PAINT|14\/100
|move|p2a: HARD IN DA PAINT|Earthquake|p1a: Machamp
|-damage|p1a: Machamp|49\/100
|
|-heal|p1a: Machamp|55\/100|[from] item: Leftovers
|-heal|p2a: HARD IN DA PAINT|20\/100|[from] item: Leftovers
|upkeep
|turn|32
|inactive|Texas Cloverleaf has 225 seconds left.
|inactive|Lavos has 165 seconds left.
|inactive|Texas Cloverleaf has 210 seconds left.
|inactive|Lavos has 150 seconds left.
|
|switch|p2a: FUCK THE CLUB UP|Raikou|69\/100 psn
|-damage|p2a: FUCK THE CLUB UP|57\/100 psn|[from] Spikes
|-damage|p2a: FUCK THE CLUB UP|45\/100 psn|[from] psn
|move|p1a: Machamp|Earthquake|p2a: FUCK THE CLUB UP
|-supereffective|p2a: FUCK THE CLUB UP
|-damage|p2a: FUCK THE CLUB UP|0 fnt
|faint|p2a: FUCK THE CLUB UP
|inactive|Lavos has 150 seconds left.
|
|switch|p2a: GROVE ST PARTY|Jynx, F|100\/100
|-damage|p2a: GROVE ST PARTY|88\/100|[from] Spikes
|
|-heal|p2a: GROVE ST PARTY|94\/100|[from] item: Leftovers
|-heal|p1a: Machamp|61\/100|[from] item: Leftovers
|upkeep
|turn|33
|inactive|Lavos has 150 seconds left.
|inactive|Texas Cloverleaf has 210 seconds left.
|inactive|Texas Cloverleaf has 195 seconds left.
|inactive|Texas Cloverleaf has 180 seconds left.
|inactive|Texas Cloverleaf has 165 seconds left.
|
|move|p2a: GROVE ST PARTY|Psychic|p1a: Machamp
|-supereffective|p1a: Machamp
|-damage|p1a: Machamp|0 fnt
|faint|p1a: Machamp
|
|switch|p1a: Snorlax|Snorlax, M|44\/100
|-damage|p1a: Snorlax|31\/100|[from] Spikes
|
|-heal|p2a: GROVE ST PARTY|99\/100|[from] item: Leftovers
|-heal|p1a: Snorlax|37\/100|[from] item: Leftovers
|upkeep
|turn|34
|inactive|Lavos has 165 seconds left.
|inactive|Lavos has 150 seconds left.
|
|move|p2a: GROVE ST PARTY|Ice Beam|p1a: Snorlax
|-damage|p1a: Snorlax|13\/100
|move|p1a: Snorlax|Body Slam|p2a: GROVE ST PARTY
|-damage|p2a: GROVE ST PARTY|41\/100
|
|-heal|p2a: GROVE ST PARTY|47\/100|[from] item: Leftovers
|-heal|p1a: Snorlax|19\/100|[from] item: Leftovers
|upkeep
|turn|35
|c|☆Lavos|gg
|c|☆Texas Cloverleaf|gg
|
|move|p2a: GROVE ST PARTY|Ice Beam|p1a: Snorlax
|-damage|p1a: Snorlax|0 fnt
|faint|p1a: Snorlax
|
|win|Lavos
</script>
</div>
<div class="battle-log battle-log-inline"><div class="inner"><div class="battle-options"></div><div class="inner"><div class="chat message-error">Battle timer is ON: inactive players will automatically lose when time's up.</div><div class=""><small>Format:</small> <br><strong>[Gen 2] OU</strong></div><div class=""><small><em>Sleep Clause Mod:</em> Limit one foe put to sleep</small></div><div class=""><small><em>Freeze Clause Mod:</em> Limit one foe frozen</small></div><div class=""><small><em>Species Clause:</em> Limit one of each Pokémon</small></div><div class=""><small><em>OHKO Clause:</em> OHKO moves are banned</small></div><div class=""><small><em>Evasion Moves Clause:</em> Evasion moves are banned</small></div><div class=""><small><em>HP Percentage Mod:</em> HP is shown in percentages</small></div><div class="spacer battle-history"><br></div><div class="battle-history">Battle started between Texas Cloverleaf and Lavos!<br></div><div class="spacer battle-history"><br></div><div class="battle-history">Go! <strong>Zapdos</strong>!<br></div><div class="spacer battle-history"><br></div><div class="battle-history">Lavos sent out NO HANDS (<strong>Cloyster</strong>)!<br></div><div class="spacer battle-history"><br></div><h2 class="battle-history">Turn 1</h2><div class="chat chatmessage-lavos"><strong style="color:#489e0e"><small>☆</small><span class="username" data-name="Lavos">Lavos</span>:</strong> <em>gl hf</em></div><div class="chat chatmessage-sweetposho"><strong style="color:#c14655"><small>+</small><span class="username" data-name="SweetPosho">SweetPosho</span>:</strong> <em>nut</em></div><div class="chat chatmessage-texascloverleaf"><strong style="color:#29b1bb"><small>☆</small><span class="username" data-name="Texas Cloverleaf">Texas Cloverleaf</span>:</strong> <em>you too</em></div><div class="chat chatmessage-souf"><strong style="color:#b22ab2"><small>+</small><span class="username" data-name="Souf">Souf</span>:</strong> <em>nut</em></div><div class="spacer battle-history"><br></div><div class="battle-history">Lavos withdrew NO HANDS!<br></div><div class="battle-history">Lavos sent out FUCK THE CLUB UP (<strong>Raikou</strong>)!<br></div><div class="spacer battle-history"><br></div><div class="battle-history">Zapdos used <strong>Thunder</strong>!<br></div><div class="battle-history"><small>Zapdos's attack missed!</small><br></div><div class="spacer battle-history"><br></div><h2 class="battle-history">Turn 2</h2><div class="chat message-error">Lavos has 285 seconds left.</div><div class="spacer battle-history"><br></div><div class="battle-history">Zapdos, come back!<br></div><div class="battle-history">Go! <strong>Snorlax</strong>!<br></div><div class="spacer battle-history"><br></div><div class="battle-history">The opposing FUCK THE CLUB UP used <strong>Thunder</strong>!<br></div><div class="battle-history"><small>(Snorlax lost 28% of its health!)</small><br></div><div class="spacer battle-history"><br></div><div class="battle-history"><small>Snorlax restored a little HP using its Leftovers!</small><br></div><div class="spacer battle-history"><br></div><h2 class="battle-history">Turn 3</h2><div class="chat chatmessage-suapah"><strong style="color:#69a52c"><small>+</small><span class="username" data-name="sua!pah">sua!pah</span>:</strong> <em>TEXAS</em></div><div class="chat chatmessage-suapah"><strong style="color:#69a52c"><small>+</small><span class="username" data-name="sua!pah">sua!pah</span>:</strong> <em>LETS GO</em></div><div class="chat"><div class="broadcast-red"><strong>Moderated chat was set to ☆!</strong><br>Only users of rank ☆ and higher can talk.</div></div><div class="chat message-error">Lavos has 285 seconds left.</div><div class="spacer battle-history"><br></div><div class="battle-history">Lavos withdrew FUCK THE CLUB UP!<br></div><div class="battle-history">Lavos sent out NO HANDS (<strong>Cloyster</strong>)!<br></div><div class="spacer battle-history"><br></div><div class="battle-history">Snorlax used <strong>Curse</strong>!<br></div><div class="battle-history"><small>Snorlax's Speed fell!</small><br></div><div class="battle-history"><small>Snorlax's Attack rose!</small><br></div><div class="battle-history"><small>Snorlax's Defense rose!</small><br></div><div class="spacer battle-history"><br></div><div class="battle-history"><small>Snorlax restored a little HP using its Leftovers!</small><br></div><div class="spacer battle-history"><br></div><h2 class="battle-history">Turn 4</h2><div class="spacer battle-history"><br></div><div class="battle-history">The opposing NO HANDS used <strong>Toxic</strong>!<br></div><div class="battle-history"><small>Snorlax was badly poisoned!</small><br></div><div class="spacer battle-history"><br></div><div class="battle-history">Snorlax used <strong>Curse</strong>!<br></div><div class="battle-history"><small>Snorlax's Speed fell!</small><br></div><div class="battle-history"><small>Snorlax's Attack rose!</small><br></div><div class="battle-history"><small>Snorlax's Defense rose!</small><br></div><div class="battle-history"><small>Snorlax was hurt by poison!</small><br></div><div class="spacer battle-history"><br></div><div class="battle-history"><small>Snorlax restored a little HP using its Leftovers!</small><br></div><div class="spacer battle-history"><br></div><h2 class="battle-history">Turn 5</h2><div class="chat message-error">Texas Cloverleaf has 285 seconds left.</div><div class="spacer battle-history"><br></div><div class="battle-history">The opposing NO HANDS used <strong>Spikes</strong>!<br></div><div class="battle-history"><small>Spikes were scattered on the ground all around your team!</small><br></div><div class="spacer battle-history"><br></div><div class="battle-history">Snorlax used <strong>Curse</strong>!<br></div><div class="battle-history"><small>Snorlax's Speed fell!</small><br></div><div class="battle-history"><small>Snorlax's Attack rose!</small><br></div><div class="battle-history"><small>Snorlax's Defense rose!</small><br></div><div class="battle-history"><small>Snorlax was hurt by poison!</small><br></div><div class="spacer battle-history"><br></div><div class="battle-history"><small>Snorlax restored a little HP using its Leftovers!</small><br></div><div class="spacer battle-history"><br></div><h2 class="battle-history">Turn 6</h2><div class="chat message-error">Lavos has 285 seconds left.</div><div class="spacer battle-history"><br></div><div class="battle-history">The opposing NO HANDS used <strong>Surf</strong>!<br></div><div class="battle-history"><small>(Snorlax lost 18% of its health!)</small><br></div><div class="spacer battle-history"><br></div><div class="battle-history">Snorlax used <strong>Body Slam</strong>!<br></div><div class="battle-history"><small>(The opposing NO HANDS lost 53% of its health!)</small><br></div><div class="battle-history"><small>Snorlax was hurt by poison!</small><br></div><div class="spacer battle-history"><br></div><div class="battle-history"><small>The opposing NO HANDS restored a little HP using its Leftovers!</small><br></div><div class="battle-history"><small>Snorlax restored a little HP using its Leftovers!</small><br></div><div class="spacer battle-history"><br></div><h2 class="battle-history">Turn 7</h2><div class="chat message-error">Lavos has 285 seconds left.</div><div class="spacer battle-history"><br></div><div class="battle-history">Lavos withdrew NO HANDS!<br></div><div class="battle-history">Lavos sent out HARD IN DA PAINT (<strong>Rhydon</strong>)!<br></div><div class="spacer battle-history"><br></div><div class="battle-history">Snorlax used <strong>Rest</strong>!<br></div><div class="battle-history"><small>Snorlax fell asleep!</small><br></div><div class="battle-history"><small>Snorlax slept and became healthy!</small><br></div><div class="spacer battle-history"><br></div><h2 class="battle-history">Turn 8</h2><div class="spacer battle-history"><br></div><div class="battle-history">Snorlax is fast asleep.<br></div><div class="spacer battle-history"><br></div><div class="battle-history">The opposing HARD IN DA PAINT used <strong>Roar</strong>!<br></div><div class="spacer battle-history"><br></div><div class="battle-history"><strong>Cloyster</strong> was dragged out!<br></div><div class="battle-history"><small>Cloyster was hurt by the spikes!</small><br></div><div class="spacer battle-history"><br></div><div class="battle-history"><small>Cloyster restored a little HP using its Leftovers!</small><br></div><div class="spacer battle-history"><br></div><h2 class="battle-history">Turn 9</h2><div class="chat message-error">Lavos has 285 seconds left.</div><div class="spacer battle-history"><br></div><div class="battle-history">Lavos withdrew HARD IN DA PAINT!<br></div><div class="battle-history">Lavos sent out FUCK THE CLUB UP (<strong>Raikou</strong>)!<br></div><div class="spacer battle-history"><br></div><div class="battle-history">Cloyster used <strong>Spikes</strong>!<br></div><div class="battle-history"><small>Spikes were scattered on the ground all around the opposing team!</small><br></div><div class="spacer battle-history"><br></div><div class="battle-history"><small>Cloyster restored a little HP using its Leftovers!</small><br></div><div class="spacer battle-history"><br></div><h2 class="battle-history">Turn 10</h2><div class="chat message-error">Lavos has 285 seconds left.</div><div class="spacer battle-history"><br></div><div class="battle-history">Lavos withdrew FUCK THE CLUB UP!<br></div><div class="battle-history">Lavos sent out HARD IN DA PAINT (<strong>Rhydon</strong>)!<br></div><div class="battle-history"><small>The opposing HARD IN DA PAINT was hurt by the spikes!</small><br></div><div class="spacer battle-history"><br></div><div class="battle-history">Cloyster, come back!<br></div><div class="battle-history">Go! <strong>Steelix</strong>!<br></div><div class="battle-history"><small>Steelix was hurt by the spikes!</small><br></div><div class="spacer battle-history"><br></div><div class="battle-history"><small>The opposing HARD IN DA PAINT restored a little HP using its Leftovers!</small><br></div><div class="battle-history"><small>Steelix restored a little HP using its Leftovers!</small><br></div><div class="spacer battle-history"><br></div><h2 class="battle-history">Turn 11</h2><div class="chat message-error">Lavos has 285 seconds left.</div><div class="chat message-error">Texas Cloverleaf has 285 seconds left.</div><div class="chat message-error">Texas Cloverleaf has 270 seconds left.</div><div class="spacer battle-history"><br></div><div class="battle-history">Steelix, come back!<br></div><div class="battle-history">Go! <strong>Cloyster</strong>!<br></div><div class="battle-history"><small>Cloyster was hurt by the spikes!</small><br></div><div class="spacer battle-history"><br></div><div class="battle-history">The opposing HARD IN DA PAINT used <strong>Earthquake</strong>!<br></div><div class="battle-history"><small>(Cloyster lost 31% of its health!)</small><br></div><div class="spacer battle-history"><br></div><div class="battle-history"><small>Cloyster restored a little HP using its Leftovers!</small><br></div><div class="battle-history"><small>The opposing HARD IN DA PAINT restored a little HP using its Leftovers!</small><br></div><div class="spacer battle-history"><br></div><h2 class="battle-history">Turn 12</h2><div class="spacer battle-history"><br></div><div class="battle-history">Lavos withdrew HARD IN DA PAINT!<br></div><div class="battle-history">Lavos sent out FUCK THE CLUB UP (<strong>Raikou</strong>)!<br></div><div class="battle-history"><small>The opposing FUCK THE CLUB UP was hurt by the spikes!</small><br></div><div class="spacer battle-history"><br></div><div class="battle-history">Cloyster used <strong>Toxic</strong>!<br></div><div class="battle-history"><small>The opposing FUCK THE CLUB UP was badly poisoned!</small><br></div><div class="spacer battle-history"><br></div><div class="battle-history"><small>The opposing FUCK THE CLUB UP restored a little HP using its Leftovers!</small><br></div><div class="battle-history"><small>Cloyster restored a little HP using its Leftovers!</small><br></div><div class="spacer battle-history"><br></div><h2 class="battle-history">Turn 13</h2><div class="spacer battle-history"><br></div><div class="battle-history">Lavos withdrew FUCK THE CLUB UP!<br></div><div class="battle-history">Lavos sent out NO HANDS (<strong>Cloyster</strong>)!<br></div><div class="battle-history"><small>The opposing NO HANDS was hurt by the spikes!</small><br></div><div class="spacer battle-history"><br></div><div class="battle-history">Cloyster, come back!<br></div><div class="battle-history">Go! <strong>Steelix</strong>!<br></div><div class="battle-history"><small>Steelix was hurt by the spikes!</small><br></div><div class="spacer battle-history"><br></div><div class="battle-history"><small>The opposing NO HANDS restored a little HP using its Leftovers!</small><br></div><div class="battle-history"><small>Steelix restored a little HP using its Leftovers!</small><br></div><div class="spacer battle-history"><br></div><h2 class="battle-history">Turn 14</h2><div class="chat message-error">Lavos has 285 seconds left.</div><div class="spacer battle-history"><br></div><div class="battle-history">Steelix, come back!<br></div><div class="battle-history">Go! <strong>Zapdos</strong>!<br></div><div class="spacer battle-history"><br></div><div class="battle-history">The opposing NO HANDS used <strong>Surf</strong>!<br></div><div class="battle-history"><small>(Zapdos lost 26% of its health!)</small><br></div><div class="spacer battle-history"><br></div><div class="battle-history"><small>Zapdos restored a little HP using its Leftovers!</small><br></div><div class="battle-history"><small>The opposing NO HANDS restored a little HP using its Leftovers!</small><br></div><div class="spacer battle-history"><br></div><h2 class="battle-history">Turn 15</h2><div class="chat message-error">Lavos has 285 seconds left.</div><div class="spacer battle-history"><br></div><div class="battle-history">Lavos withdrew NO HANDS!<br></div><div class="battle-history">Lavos sent out FUCK THE CLUB UP (<strong>Raikou</strong>)!<br></div><div class="battle-history"><small>The opposing FUCK THE CLUB UP was poisoned!</small><br></div><div class="battle-history"><small>The opposing FUCK THE CLUB UP was hurt by the spikes!</small><br></div><div class="battle-history"><small>The opposing FUCK THE CLUB UP was hurt by poison!</small><br></div><div class="spacer battle-history"><br></div><div class="battle-history">Zapdos used <strong>Thunder</strong>!<br></div><div class="battle-history"><small>Zapdos's attack missed!</small><br></div><div class="spacer battle-history"><br></div><div class="battle-history"><small>The opposing FUCK THE CLUB UP restored a little HP using its Leftovers!</small><br></div><div class="battle-history"><small>Zapdos restored a little HP using its Leftovers!</small><br></div><div class="spacer battle-history"><br></div><h2 class="battle-history">Turn 16</h2><div class="chat message-error">Lavos has 285 seconds left.</div><div class="chat message-error">Texas Cloverleaf has 285 seconds left.</div><div class="chat message-error">Texas Cloverleaf has 270 seconds left.</div><div class="chat message-error">Lavos has 270 seconds left.</div><div class="chat message-error">Lavos has 255 seconds left.</div><div class="spacer battle-history"><br></div><div class="battle-history">Zapdos, come back!<br></div><div class="battle-history">Go! <strong>Snorlax</strong>!<br></div><div class="battle-history"><small>Snorlax was hurt by the spikes!</small><br></div><div class="spacer battle-history"><br></div><div class="battle-history">The opposing FUCK THE CLUB UP used <strong>Hidden Power</strong>!<br></div><div class="battle-history"><small>(Snorlax lost 10% of its health!)</small><br></div><div class="battle-history"><small>The opposing FUCK THE CLUB UP was hurt by poison!</small><br></div><div class="spacer battle-history"><br></div><div class="battle-history"><small>The opposing FUCK THE CLUB UP restored a little HP using its Leftovers!</small><br></div><div class="battle-history"><small>Snorlax restored a little HP using its Leftovers!</small><br></div><div class="spacer battle-history"><br></div><h2 class="battle-history">Turn 17</h2><div class="chat message-error">Lavos has 255 seconds left.</div><div class="spacer battle-history"><br></div><div class="battle-history">Lavos withdrew FUCK THE CLUB UP!<br></div><div class="battle-history">Lavos sent out HARD IN DA PAINT (<strong>Rhydon</strong>)!<br></div><div class="battle-history"><small>The opposing HARD IN DA PAINT was hurt by the spikes!</small><br></div><div class="spacer battle-history"><br></div><div class="battle-history">Snorlax is fast asleep.<br></div><div class="spacer battle-history"><br></div><div class="battle-history"><small>The opposing HARD IN DA PAINT restored a little HP using its Leftovers!</small><br></div><div class="battle-history"><small>Snorlax restored a little HP using its Leftovers!</small><br></div><div class="spacer battle-history"><br></div><h2 class="battle-history">Turn 18</h2><div class="chat message-error">Lavos has 255 seconds left.</div><div class="chat message-error">Lavos has 240 seconds left.</div><div class="spacer battle-history"><br></div><div class="battle-history">The opposing HARD IN DA PAINT used <strong>Rock Slide</strong>!<br></div><div class="battle-history"><small>(Snorlax lost 28% of its health!)</small><br></div><div class="battle-history"><small>Snorlax woke up!</small><br></div><div class="spacer battle-history"><br></div><div class="battle-history">Snorlax flinched and couldn't move!<br></div><div class="spacer battle-history"><br></div><div class="battle-history"><small>The opposing HARD IN DA PAINT restored a little HP using its Leftovers!</small><br></div><div class="battle-history"><small>Snorlax restored a little HP using its Leftovers!</small><br></div><div class="spacer battle-history"><br></div><h2 class="battle-history">Turn 19</h2><div class="chat message-error">Lavos has 240 seconds left.</div><div class="chat message-error">Texas Cloverleaf has 285 seconds left.</div><div class="spacer battle-history"><br></div><div class="battle-history">The opposing HARD IN DA PAINT used <strong>Earthquake</strong>!<br></div><div class="battle-history"><small>(Snorlax lost 38% of its health!)</small><br></div><div class="spacer battle-history"><br></div><div class="battle-history">Snorlax used <strong>Curse</strong>!<br></div><div class="battle-history"><small>Snorlax's Speed fell!</small><br></div><div class="battle-history"><small>Snorlax's Attack rose!</small><br></div><div class="battle-history"><small>Snorlax's Defense rose!</small><br></div><div class="spacer battle-history"><br></div><div class="battle-history"><small>The opposing HARD IN DA PAINT restored a little HP using its Leftovers!</small><br></div><div class="battle-history"><small>Snorlax restored a little HP using its Leftovers!</small><br></div><div class="spacer battle-history"><br></div><h2 class="battle-history">Turn 20</h2><div class="chat message-error">Lavos has 240 seconds left.</div><div class="spacer battle-history"><br></div><div class="battle-history">The opposing HARD IN DA PAINT used <strong>Curse</strong>!<br></div><div class="battle-history"><small>The opposing HARD IN DA PAINT's Speed fell!</small><br></div><div class="battle-history"><small>The opposing HARD IN DA PAINT's Attack rose!</small><br></div><div class="battle-history"><small>The opposing HARD IN DA PAINT's Defense rose!</small><br></div><div class="spacer battle-history"><br></div><div class="battle-history">Snorlax used <strong>Earthquake</strong>!<br></div><div class="battle-history"><small>It's super effective!</small><br></div><div class="battle-history"><small>(The opposing HARD IN DA PAINT lost 33% of its health!)</small><br></div><div class="spacer battle-history"><br></div><div class="battle-history"><small>The opposing HARD IN DA PAINT restored a little HP using its Leftovers!</small><br></div><div class="battle-history"><small>Snorlax restored a little HP using its Leftovers!</small><br></div><div class="spacer battle-history"><br></div><h2 class="battle-history">Turn 21</h2><div class="chat message-error">Texas Cloverleaf has 285 seconds left.</div><div class="chat message-error">Lavos has 240 seconds left.</div><div class="spacer battle-history"><br></div><div class="battle-history">Snorlax, come back!<br></div><div class="battle-history">Go! <strong>Cloyster</strong>!<br></div><div class="battle-history"><small>Cloyster was hurt by the spikes!</small><br></div><div class="spacer battle-history"><br></div><div class="battle-history">The opposing HARD IN DA PAINT used <strong>Rock Slide</strong>!<br></div><div class="battle-history"><small>It's super effective!</small><br></div><div class="battle-history"><small>(Cloyster lost 56% of its health!)</small><br></div><div class="spacer battle-history"><br></div><div class="battle-history">Cloyster fainted!<br></div><div class="spacer battle-history"><br></div><div class="battle-history">Go! <strong>Vaporeon</strong>!<br></div><div class="battle-history"><small>Vaporeon was hurt by the spikes!</small><br></div><div class="spacer battle-history"><br></div><div class="battle-history"><small>Vaporeon restored a little HP using its Leftovers!</small><br></div><div class="battle-history"><small>The opposing HARD IN DA PAINT restored a little HP using its Leftovers!</small><br></div><div class="spacer battle-history"><br></div><h2 class="battle-history">Turn 22</h2><div class="chat message-error">Lavos has 240 seconds left.</div><div class="chat message-error">Texas Cloverleaf has 285 seconds left.</div><div class="chat message-error">Lavos has 225 seconds left.</div><div class="chat message-error">Texas Cloverleaf has 270 seconds left.</div><div class="chat message-error">Texas Cloverleaf has 255 seconds left.</div><div class="spacer battle-history"><br></div><div class="battle-history">Lavos withdrew HARD IN DA PAINT!<br></div><div class="battle-history">Lavos sent out BRICKSQUAD (<strong>Snorlax</strong>)!<br></div><div class="battle-history"><small>The opposing BRICKSQUAD was hurt by the spikes!</small><br></div><div class="spacer battle-history"><br></div><div class="battle-history">Vaporeon used <strong>Growth</strong>!<br></div><div class="battle-history"><small>Vaporeon's Sp. Atk rose!</small><br></div><div class="spacer battle-history"><br></div><div class="battle-history"><small>Vaporeon restored a little HP using its Leftovers!</small><br></div><div class="battle-history"><small>The opposing BRICKSQUAD restored a little HP using its Leftovers!</small><br></div><div class="spacer battle-history"><br></div><h2 class="battle-history">Turn 23</h2><div class="chat message-error">Texas Cloverleaf has 285 seconds left.</div><div class="chat message-error">Lavos has 225 seconds left.</div><div class="spacer battle-history"><br></div><div class="battle-history">Vaporeon used <strong>Hydro Pump</strong>!<br></div><div class="battle-history"><small>Vaporeon's attack missed!</small><br></div><div class="spacer battle-history"><br></div><div class="battle-history">The opposing BRICKSQUAD used <strong>Double-Edge</strong>!<br></div><div class="battle-history"><small>(Vaporeon lost 43% of its health!)</small><br></div><div class="battle-history"><small>The opposing BRICKSQUAD was damaged by the recoil!</small><br></div><div class="spacer battle-history"><br></div><div class="battle-history"><small>Vaporeon restored a little HP using its Leftovers!</small><br></div><div class="battle-history"><small>The opposing BRICKSQUAD restored a little HP using its Leftovers!</small><br></div><div class="spacer battle-history"><br></div><h2 class="battle-history">Turn 24</h2><div class="chat message-error">Texas Cloverleaf has 285 seconds left.</div><div class="chat message-error">Lavos has 210 seconds left.</div><div class="spacer battle-history"><br></div><div class="battle-history">Vaporeon, come back!<br></div><div class="battle-history">Go! <strong>Steelix</strong>!<br></div><div class="battle-history"><small>Steelix was hurt by the spikes!</small><br></div><div class="spacer battle-history"><br></div><div class="battle-history">The opposing BRICKSQUAD used <strong>Double-Edge</strong>!<br></div><div class="battle-history"><small>It's not very effective...</small><br></div><div class="battle-history"><small>(Steelix lost 13% of its health!)</small><br></div><div class="battle-history"><small>The opposing BRICKSQUAD was damaged by the recoil!</small><br></div><div class="spacer battle-history"><br></div><div class="battle-history"><small>The opposing BRICKSQUAD restored a little HP using its Leftovers!</small><br></div><div class="battle-history"><small>Steelix restored a little HP using its Leftovers!</small><br></div><div class="spacer battle-history"><br></div><h2 class="battle-history">Turn 25</h2><div class="chat message-error">Lavos has 210 seconds left.</div><div class="chat message-error">Lavos has 195 seconds left.</div><div class="spacer battle-history"><br></div><div class="battle-history">The opposing BRICKSQUAD used <strong>Curse</strong>!<br></div><div class="battle-history"><small>The opposing BRICKSQUAD's Speed fell!</small><br></div><div class="battle-history"><small>The opposing BRICKSQUAD's Attack rose!</small><br></div><div class="battle-history"><small>The opposing BRICKSQUAD's Defense rose!</small><br></div><div class="spacer battle-history"><br></div><div class="battle-history">Steelix used <strong>Earthquake</strong>!<br></div><div class="battle-history"><small>(The opposing BRICKSQUAD lost 18% of its health!)</small><br></div><div class="spacer battle-history"><br></div><div class="battle-history"><small>Steelix restored a little HP using its Leftovers!</small><br></div><div class="battle-history"><small>The opposing BRICKSQUAD restored a little HP using its Leftovers!</small><br></div><div class="spacer battle-history"><br></div><h2 class="battle-history">Turn 26</h2><div class="spacer battle-history"><br></div><div class="battle-history">The opposing BRICKSQUAD used <strong>Earthquake</strong>!<br></div><div class="battle-history"><small>It's super effective!</small><br></div><div class="battle-history"><small>(Steelix lost 41% of its health!)</small><br></div><div class="spacer battle-history"><br></div><div class="battle-history">Steelix used <strong>Roar</strong>!<br></div><div class="spacer battle-history"><br></div><div class="battle-history">NO HANDS (<strong>Cloyster</strong>) was dragged out!<br></div><div class="battle-history"><small>The opposing NO HANDS was hurt by the spikes!</small><br></div><div class="spacer battle-history"><br></div><div class="battle-history"><small>The opposing NO HANDS restored a little HP using its Leftovers!</small><br></div><div class="battle-history"><small>Steelix restored a little HP using its Leftovers!</small><br></div><div class="spacer battle-history"><br></div><h2 class="battle-history">Turn 27</h2><div class="chat message-error">Lavos has 195 seconds left.</div><div class="spacer battle-history"><br></div><div class="battle-history">Steelix, come back!<br></div><div class="battle-history">Go! <strong>Zapdos</strong>!<br></div><div class="spacer battle-history"><br></div><div class="battle-history">The opposing NO HANDS used <strong>Explosion</strong>!<br></div><div class="battle-history"><small>(Zapdos lost 86% of its health!)</small><br></div><div class="spacer battle-history"><br></div><div class="battle-history">Zapdos fainted!<br></div><div class="battle-history">The opposing NO HANDS fainted!<br></div><div class="chat message-error">Lavos has 195 seconds left.</div><div class="chat message-error">Texas Cloverleaf has 285 seconds left.</div><div class="chat message-error">Lavos has 180 seconds left.</div><div class="chat message-error">Texas Cloverleaf has 270 seconds left.</div><div class="chat message-error">Texas Cloverleaf has 255 seconds left.</div><div class="chat message-error">Lavos has 165 seconds left.</div><div class="chat message-error">Texas Cloverleaf has 240 seconds left.</div><div class="chat message-error">Texas Cloverleaf has 225 seconds left.</div><div class="spacer battle-history"><br></div><div class="battle-history">Go! <strong>Vaporeon</strong>!<br></div><div class="spacer battle-history"><br></div><div class="battle-history">Lavos sent out G CHECK (<strong>Heracross</strong>)!<br></div><div class="battle-history"><small>The opposing G CHECK was hurt by the spikes!</small><br></div><div class="battle-history"><small>Vaporeon was hurt by the spikes!</small><br></div><div class="spacer battle-history"><br></div><div class="battle-history"><small>The opposing G CHECK restored a little HP using its Leftovers!</small><br></div><div class="battle-history"><small>Vaporeon restored a little HP using its Leftovers!</small><br></div><div class="spacer battle-history"><br></div><h2 class="battle-history">Turn 28</h2><div class="chat message-error">Texas Cloverleaf has 225 seconds left.</div><div class="chat message-error">Lavos has 165 seconds left.</div><div class="chat message-error">Texas Cloverleaf has 210 seconds left.</div><div class="chat message-error">Texas Cloverleaf has 195 seconds left.</div><div class="spacer battle-history"><br></div><div class="battle-history">The opposing G CHECK used <strong>Curse</strong>!<br></div><div class="battle-history"><small>The opposing G CHECK's Speed fell!</small><br></div><div class="battle-history"><small>The opposing G CHECK's Attack rose!</small><br></div><div class="battle-history"><small>The opposing G CHECK's Defense rose!</small><br></div><div class="spacer battle-history"><br></div><div class="battle-history">Vaporeon used <strong>Hydro Pump</strong>!<br></div><div class="battle-history"><small>(The opposing G CHECK lost 41% of its health!)</small><br></div><div class="spacer battle-history"><br></div><div class="battle-history"><small>Vaporeon restored a little HP using its Leftovers!</small><br></div><div class="battle-history"><small>The opposing G CHECK restored a little HP using its Leftovers!</small><br></div><div class="spacer battle-history"><br></div><h2 class="battle-history">Turn 29</h2><div class="chat message-error">Texas Cloverleaf has 195 seconds left.</div><div class="chat message-error">Lavos has 165 seconds left.</div><div class="spacer battle-history"><br></div><div class="battle-history">Vaporeon used <strong>Hydro Pump</strong>!<br></div><div class="battle-history"><small>Vaporeon's attack missed!</small><br></div><div class="spacer battle-history"><br></div><div class="battle-history">The opposing G CHECK used <strong>Megahorn</strong>!<br></div><div class="battle-history"><small>A critical hit!</small><br></div><div class="battle-history"><small>(Vaporeon lost 62% of its health!)</small><br></div><div class="spacer battle-history"><br></div><div class="battle-history">Vaporeon fainted!<br></div><div class="spacer battle-history"><br></div><div class="battle-history">Go! <strong>Steelix</strong>!<br></div><div class="battle-history"><small>Steelix was hurt by the spikes!</small><br></div><div class="spacer battle-history"><br></div><div class="battle-history"><small>The opposing G CHECK restored a little HP using its Leftovers!</small><br></div><div class="battle-history"><small>Steelix restored a little HP using its Leftovers!</small><br></div><div class="spacer battle-history"><br></div><h2 class="battle-history">Turn 30</h2><div class="chat message-error">Lavos has 180 seconds left.</div><div class="spacer battle-history"><br></div><div class="battle-history">The opposing G CHECK used <strong>Megahorn</strong>!<br></div><div class="battle-history"><small>It's not very effective...</small><br></div><div class="battle-history"><small>(Steelix lost 20% of its health!)</small><br></div><div class="spacer battle-history"><br></div><div class="battle-history">Steelix used <strong>Explosion</strong>!<br></div><div class="battle-history"><small>(The opposing G CHECK lost 66% of its health!)</small><br></div><div class="spacer battle-history"><br></div><div class="battle-history">The opposing G CHECK fainted!<br></div><div class="battle-history">Steelix fainted!<br></div><div class="chat message-error">Lavos has 180 seconds left.</div><div class="spacer battle-history"><br></div><div class="battle-history">Lavos sent out HARD IN DA PAINT (<strong>Rhydon</strong>)!<br></div><div class="spacer battle-history"><br></div><div class="battle-history">Go! <strong>Machamp</strong>!<br></div><div class="battle-history"><small>Machamp was hurt by the spikes!</small><br></div><div class="battle-history"><small>The opposing HARD IN DA PAINT was hurt by the spikes!</small><br></div><div class="spacer battle-history"><br></div><div class="battle-history"><small>Machamp restored a little HP using its Leftovers!</small><br></div><div class="battle-history"><small>The opposing HARD IN DA PAINT restored a little HP using its Leftovers!</small><br></div><div class="spacer battle-history"><br></div><h2 class="battle-history">Turn 31</h2><div class="chat message-error">Texas Cloverleaf has 225 seconds left.</div><div class="chat message-error">Lavos has 180 seconds left.</div><div class="spacer battle-history"><br></div><div class="battle-history">Machamp used <strong>Cross Chop</strong>!<br></div><div class="battle-history"><small>It's super effective!</small><br></div><div class="battle-history"><small>(The opposing HARD IN DA PAINT lost 59% of its health!)</small><br></div><div class="spacer battle-history"><br></div><div class="battle-history">The opposing HARD IN DA PAINT used <strong>Earthquake</strong>!<br></div><div class="battle-history"><small>(Machamp lost 45% of its health!)</small><br></div><div class="spacer battle-history"><br></div><div class="battle-history"><small>Machamp restored a little HP using its Leftovers!</small><br></div><div class="battle-history"><small>The opposing HARD IN DA PAINT restored a little HP using its Leftovers!</small><br></div><div class="spacer battle-history"><br></div><h2 class="battle-history">Turn 32</h2><div class="chat message-error">Texas Cloverleaf has 225 seconds left.</div><div class="chat message-error">Lavos has 165 seconds left.</div><div class="chat message-error">Texas Cloverleaf has 210 seconds left.</div><div class="chat message-error">Lavos has 150 seconds left.</div><div class="spacer battle-history"><br></div><div class="battle-history">Lavos withdrew HARD IN DA PAINT!<br></div><div class="battle-history">Lavos sent out FUCK THE CLUB UP (<strong>Raikou</strong>)!<br></div><div class="battle-history"><small>The opposing FUCK THE CLUB UP was hurt by the spikes!</small><br></div><div class="battle-history"><small>The opposing FUCK THE CLUB UP was hurt by poison!</small><br></div><div class="spacer battle-history"><br></div><div class="battle-history">Machamp used <strong>Earthquake</strong>!<br></div><div class="battle-history"><small>It's super effective!</small><br></div><div class="battle-history"><small>(The opposing FUCK THE CLUB UP lost 45% of its health!)</small><br></div><div class="spacer battle-history"><br></div><div class="battle-history">The opposing FUCK THE CLUB UP fainted!<br></div><div class="chat message-error">Lavos has 150 seconds left.</div><div class="spacer battle-history"><br></div><div class="battle-history">Lavos sent out GROVE ST PARTY (<strong>Jynx</strong>)!<br></div><div class="battle-history"><small>The opposing GROVE ST PARTY was hurt by the spikes!</small><br></div><div class="spacer battle-history"><br></div><div class="battle-history"><small>The opposing GROVE ST PARTY restored a little HP using its Leftovers!</small><br></div><div class="battle-history"><small>Machamp restored a little HP using its Leftovers!</small><br></div><div class="spacer battle-history"><br></div><h2 class="battle-history">Turn 33</h2><div class="chat message-error">Lavos has 150 seconds left.</div><div class="chat message-error">Texas Cloverleaf has 210 seconds left.</div><div class="chat message-error">Texas Cloverleaf has 195 seconds left.</div><div class="chat message-error">Texas Cloverleaf has 180 seconds left.</div><div class="chat message-error">Texas Cloverleaf has 165 seconds left.</div><div class="spacer battle-history"><br></div><div class="battle-history">The opposing GROVE ST PARTY used <strong>Psychic</strong>!<br></div><div class="battle-history"><small>It's super effective!</small><br></div><div class="battle-history"><small>(Machamp lost 61% of its health!)</small><br></div><div class="spacer battle-history"><br></div><div class="battle-history">Machamp fainted!<br></div><div class="spacer battle-history"><br></div><div class="battle-history">Go! <strong>Snorlax</strong>!<br></div><div class="battle-history"><small>Snorlax was hurt by the spikes!</small><br></div><div class="spacer battle-history"><br></div><div class="battle-history"><small>The opposing GROVE ST PARTY restored a little HP using its Leftovers!</small><br></div><div class="battle-history"><small>Snorlax restored a little HP using its Leftovers!</small><br></div><div class="spacer battle-history"><br></div><h2 class="battle-history">Turn 34</h2><div class="chat message-error">Lavos has 165 seconds left.</div><div class="chat message-error">Lavos has 150 seconds left.</div><div class="spacer battle-history"><br></div><div class="battle-history">The opposing GROVE ST PARTY used <strong>Ice Beam</strong>!<br></div><div class="battle-history"><small>(Snorlax lost 24% of its health!)</small><br></div><div class="spacer battle-history"><br></div><div class="battle-history">Snorlax used <strong>Body Slam</strong>!<br></div><div class="battle-history"><small>(The opposing GROVE ST PARTY lost 58% of its health!)</small><br></div><div class="spacer battle-history"><br></div><div class="battle-history"><small>The opposing GROVE ST PARTY restored a little HP using its Leftovers!</small><br></div><div class="battle-history"><small>Snorlax restored a little HP using its Leftovers!</small><br></div><div class="spacer battle-history"><br></div><h2 class="battle-history">Turn 35</h2><div class="chat chatmessage-lavos"><strong style="color:#489e0e"><small>☆</small><span class="username" data-name="Lavos">Lavos</span>:</strong> <em>gg</em></div><div class="chat chatmessage-texascloverleaf"><strong style="color:#29b1bb"><small>☆</small><span class="username" data-name="Texas Cloverleaf">Texas Cloverleaf</span>:</strong> <em>gg</em></div><div class="spacer battle-history"><br></div><div class="battle-history">The opposing GROVE ST PARTY used <strong>Ice Beam</strong>!<br></div><div class="battle-history"><small>(Snorlax lost 19% of its health!)</small><br></div><div class="spacer battle-history"><br></div><div class="battle-history">Snorlax fainted!<br></div><div class="spacer battle-history"><br></div><div class="battle-history"><strong>Lavos</strong> won the battle!<br></div></div><div class="inner-preempt"></div></div></div>
</div>
<script>
let daily = Math.floor(Date.now()/1000/60/60/24);document.write('<script src="https://play.pokemonshowdown.com/js/replay-embed.js?version'+daily+'"></'+'script>');
</script>
