<!DOCTYPE html>
<meta charset="utf-8" />
<!-- version 1 -->
<title>[Gen 2] OU replay: Bomber vs. Earthworm</title>
<style>
html,body {font-family:Verdana, sans-serif;font-size:10pt;margin:0;padding:0;}body{padding:12px 0;} .battle-log {font-family:Verdana, sans-serif;font-size:10pt;} .battle-log-inline {border:1px solid #AAAAAA;background:#EEF2F5;color:black;max-width:640px;margin:0 auto 80px;padding-bottom:5px;} .battle-log .inner {padding:4px 8px 0px 8px;} .battle-log .inner-preempt {padding:0 8px 4px 8px;} .battle-log .inner-after {margin-top:0.5em;} .battle-log h2 {margin:0.5em -8px;padding:4px 8px;border:1px solid #AAAAAA;background:#E0E7EA;border-left:0;border-right:0;font-family:Verdana, sans-serif;font-size:13pt;} .battle-log .chat {vertical-align:middle;padding:3px 0 3px 0;font-size:8pt;} .battle-log .chat strong {color:#40576A;} .battle-log .chat em {padding:1px 4px 1px 3px;color:#000000;font-style:normal;} .chat.mine {background:rgba(0,0,0,0.05);margin-left:-8px;margin-right:-8px;padding-left:8px;padding-right:8px;} .spoiler {color:#BBBBBB;background:#BBBBBB;padding:0px 3px;} .spoiler:hover, .spoiler:active, .spoiler-shown {color:#000000;background:#E2E2E2;padding:0px 3px;} .spoiler a {color:#BBBBBB;} .spoiler:hover a, .spoiler:active a, .spoiler-shown a {color:#2288CC;} .chat code, .chat .spoiler:hover code, .chat .spoiler:active code, .chat .spoiler-shown code {border:1px solid #C0C0C0;background:#EEEEEE;color:black;padding:0 2px;} .chat .spoiler code {border:1px solid #CCCCCC;background:#CCCCCC;color:#CCCCCC;} .battle-log .rated {padding:3px 4px;} .battle-log .rated strong {color:white;background:#89A;padding:1px 4px;border-radius:4px;} .spacer {margin-top:0.5em;} .message-announce {background:#6688AA;color:white;padding:1px 4px 2px;} .message-announce a, .broadcast-green a, .broadcast-blue a, .broadcast-red a {color:#DDEEFF;} .broadcast-green {background-color:#559955;color:white;padding:2px 4px;} .broadcast-blue {background-color:#6688AA;color:white;padding:2px 4px;} .infobox {border:1px solid #6688AA;padding:2px 4px;} .infobox-limited {max-height:200px;overflow:auto;overflow-x:hidden;} .broadcast-red {background-color:#AA5544;color:white;padding:2px 4px;} .message-learn-canlearn {font-weight:bold;color:#228822;text-decoration:underline;} .message-learn-cannotlearn {font-weight:bold;color:#CC2222;text-decoration:underline;} .message-effect-weak {font-weight:bold;color:#CC2222;} .message-effect-resist {font-weight:bold;color:#6688AA;} .message-effect-immune {font-weight:bold;color:#666666;} .message-learn-list {margin-top:0;margin-bottom:0;} .message-throttle-notice, .message-error {color:#992222;} .message-overflow, .chat small.message-overflow {font-size:0pt;} .message-overflow::before {font-size:9pt;content:'...';} .subtle {color:#3A4A66;}
</style>
<div class="wrapper replay-wrapper" style="max-width:1180px;margin:0 auto">
<input type="hidden" name="replayid" value="smogtours-gen2ou-385928" />
<div class="battle"></div><div class="battle-log"></div><div class="replay-controls"></div><div class="replay-controls-2"></div>
<h1 style="font-weight:normal;text-align:center"><strong>[Gen 2] OU</strong><br /><a href="http://pokemonshowdown.com/users/bomber" class="subtle" target="_blank">Bomber</a> vs. <a href="http://pokemonshowdown.com/users/earthworm" class="subtle" target="_blank">Earthworm</a></h1>
<script type="text/plain" class="battle-log-data">|inactive|Battle timer is ON: inactive players will automatically lose when time's up.
|player|p1|Bomber|221
|player|p2|Earthworm|265
|teamsize|p1|6
|teamsize|p2|6
|gametype|singles
|gen|2
|tier|[Gen 2] OU
|rule|Sleep Clause Mod: Limit one foe put to sleep
|rule|Freeze Clause Mod: Limit one foe frozen
|rule|Species Clause: Limit one of each Pokémon
|rule|OHKO Clause: OHKO moves are banned
|rule|Evasion Moves Clause: Evasion moves are banned
|rule|HP Percentage Mod: HP is shown in percentages
|
|start
|switch|p1a: ama.|Exeggutor, M|100\/100
|switch|p2a: Snorlax|Snorlax, M|100\/100
|turn|1
|c|☆Bomber|hf
|
|move|p1a: ama.|Sleep Powder|p2a: Snorlax
|-status|p2a: Snorlax|slp
|cant|p2a: Snorlax|slp
|
|upkeep
|turn|2
|inactive|Earthworm has 285 seconds left.
|
|switch|p2a: Raikou|Raikou|100\/100
|move|p1a: ama.|Psychic|p2a: Raikou
|-damage|p2a: Raikou|70\/100
|
|-heal|p2a: Raikou|76\/100|[from] item: Leftovers
|upkeep
|turn|3
|
|switch|p2a: Skarmory|Skarmory, M|100\/100
|move|p1a: ama.|Psychic|p2a: Skarmory
|-resisted|p2a: Skarmory
|-damage|p2a: Skarmory|79\/100
|
|-heal|p2a: Skarmory|85\/100|[from] item: Leftovers
|upkeep
|turn|4
|
|switch|p2a: Raikou|Raikou|76\/100
|move|p1a: ama.|Psychic|p2a: Raikou
|-damage|p2a: Raikou|43\/100
|-unboost|p2a: Raikou|spd|1
|
|-heal|p2a: Raikou|49\/100|[from] item: Leftovers
|upkeep
|turn|5
|
|switch|p2a: Skarmory|Skarmory, M|85\/100
|switch|p1a: crea.|Forretress, M|100\/100
|
|-heal|p2a: Skarmory|91\/100|[from] item: Leftovers
|upkeep
|turn|6
|
|switch|p2a: Starmie|Starmie|100\/100
|move|p1a: crea.|Spikes|p2a: Starmie
|-sidestart|p2: Earthworm|Spikes
|
|upkeep
|turn|7
|
|move|p2a: Starmie|Rapid Spin|p1a: crea.
|-resisted|p1a: crea.
|-damage|p1a: crea.|99\/100
|-sideend|p2: Earthworm|Spikes|[from] move: Rapid Spin|[of] p2a: Starmie
|move|p1a: crea.|Toxic|p2a: Starmie
|-status|p2a: Starmie|tox
|
|-heal|p1a: crea.|100\/100|[from] item: Leftovers
|upkeep
|turn|8
|
|switch|p1a: ripeti.|Snorlax, M|100\/100
|move|p2a: Starmie|Thunder Wave|p1a: ripeti.
|-status|p1a: ripeti.|par
|-damage|p2a: Starmie|94\/100 tox|[from] tox|[of] p1a: ripeti.
|
|-heal|p2a: Starmie|100\/100 tox|[from] item: Leftovers
|upkeep
|turn|9
|
|switch|p2a: Skarmory|Skarmory, M|91\/100
|switch|p1a: crea.|Forretress, M|100\/100
|
|-heal|p2a: Skarmory|97\/100|[from] item: Leftovers
|upkeep
|turn|10
|
|switch|p2a: Starmie|Starmie|100\/100 tox
|-status|p2a: Starmie|psn
|-damage|p2a: Starmie|88\/100 psn|[from] psn
|move|p1a: crea.|Spikes|p2a: Starmie
|-sidestart|p2: Earthworm|Spikes
|
|-heal|p2a: Starmie|94\/100 psn|[from] item: Leftovers
|upkeep
|turn|11
|
|move|p2a: Starmie|Rapid Spin|p1a: crea.
|-resisted|p1a: crea.
|-damage|p1a: crea.|99\/100
|-sideend|p2: Earthworm|Spikes|[from] move: Rapid Spin|[of] p2a: Starmie
|-damage|p2a: Starmie|82\/100 psn|[from] psn|[of] p1a: crea.
|move|p1a: crea.|Hidden Power|p2a: Starmie
|-supereffective|p2a: Starmie
|-damage|p2a: Starmie|30\/100 psn
|
|-heal|p2a: Starmie|36\/100 psn|[from] item: Leftovers
|-heal|p1a: crea.|100\/100|[from] item: Leftovers
|upkeep
|turn|12
|
|move|p2a: Starmie|Recover|p2a: Starmie
|-heal|p2a: Starmie|87\/100 psn
|-damage|p2a: Starmie|74\/100 psn|[from] psn
|move|p1a: crea.|Spikes|p2a: Starmie
|-sidestart|p2: Earthworm|Spikes
|
|-heal|p2a: Starmie|80\/100 psn|[from] item: Leftovers
|upkeep
|turn|13
|
|move|p2a: Starmie|Thunder Wave|p1a: crea.
|-status|p1a: crea.|par
|-damage|p2a: Starmie|68\/100 psn|[from] psn|[of] p1a: crea.
|move|p1a: crea.|Hidden Power|p2a: Starmie
|-supereffective|p2a: Starmie
|-damage|p2a: Starmie|17\/100 psn
|
|-heal|p2a: Starmie|23\/100 psn|[from] item: Leftovers
|upkeep
|turn|14
|
|move|p2a: Starmie|Recover|p2a: Starmie
|-heal|p2a: Starmie|74\/100 psn
|-damage|p2a: Starmie|61\/100 psn|[from] psn
|move|p1a: crea.|Hidden Power|p2a: Starmie
|-supereffective|p2a: Starmie
|-damage|p2a: Starmie|9\/100 psn
|
|-heal|p2a: Starmie|16\/100 psn|[from] item: Leftovers
|upkeep
|turn|15
|
|switch|p2a: Miltank|Miltank, F|100\/100
|-damage|p2a: Miltank|88\/100|[from] Spikes
|cant|p1a: crea.|par
|
|-heal|p2a: Miltank|94\/100|[from] item: Leftovers
|upkeep
|turn|16
|
|switch|p1a: ridi.|Gengar, M|100\/100
|move|p2a: Miltank|Heal Bell|p2a: Miltank
|-cureteam|p2a: Miltank|[from] move: Heal Bell
|
|-heal|p2a: Miltank|99\/100|[from] item: Leftovers
|upkeep
|turn|17
|
|switch|p2a: Snorlax|Snorlax, M|100\/100
|-damage|p2a: Snorlax|88\/100|[from] Spikes
|move|p1a: ridi.|Ice Punch|p2a: Snorlax
|-damage|p2a: Snorlax|76\/100
|
|-heal|p2a: Snorlax|82\/100|[from] item: Leftovers
|upkeep
|turn|18
|
|switch|p1a: ama.|Exeggutor, M|100\/100
|move|p2a: Snorlax|Earthquake|p1a: ama.
|-resisted|p1a: ama.
|-damage|p1a: ama.|88\/100
|
|-heal|p1a: ama.|94\/100|[from] item: Leftovers
|-heal|p2a: Snorlax|88\/100|[from] item: Leftovers
|upkeep
|turn|19
|
|move|p1a: ama.|Psychic|p2a: Snorlax
|-damage|p2a: Snorlax|67\/100
|move|p2a: Snorlax|Body Slam|p1a: ama.
|-damage|p1a: ama.|62\/100
|-status|p1a: ama.|par
|
|-heal|p2a: Snorlax|73\/100|[from] item: Leftovers
|-heal|p1a: ama.|68\/100 par|[from] item: Leftovers
|upkeep
|turn|20
|
|switch|p2a: Skarmory|Skarmory, M|97\/100
|move|p1a: ama.|Sleep Powder|p2a: Skarmory
|-status|p2a: Skarmory|slp
|
|-heal|p2a: Skarmory|100\/100 slp|[from] item: Leftovers
|-heal|p1a: ama.|74\/100 par|[from] item: Leftovers
|upkeep
|turn|21
|
|cant|p2a: Skarmory|slp
|move|p1a: ama.|Psychic|p2a: Skarmory
|-resisted|p2a: Skarmory
|-damage|p2a: Skarmory|78\/100 slp
|
|-heal|p2a: Skarmory|84\/100 slp|[from] item: Leftovers
|-heal|p1a: ama.|80\/100 par|[from] item: Leftovers
|upkeep
|turn|22
|
|switch|p1a: vivi.|Zapdos|100\/100
|cant|p2a: Skarmory|slp
|
|-heal|p2a: Skarmory|90\/100 slp|[from] item: Leftovers
|upkeep
|turn|23
|
|switch|p2a: Raikou|Raikou|49\/100
|-damage|p2a: Raikou|37\/100|[from] Spikes
|move|p1a: vivi.|Thunder|p2a: Raikou
|-resisted|p2a: Raikou
|-damage|p2a: Raikou|14\/100
|
|-heal|p2a: Raikou|20\/100|[from] item: Leftovers
|upkeep
|turn|24
|
|switch|p1a: ripeti.|Snorlax, M|100\/100 par
|move|p2a: Raikou|Rest|p2a: Raikou
|-status|p2a: Raikou|slp
|-heal|p2a: Raikou|100\/100 slp|[silent]
|-status|p2a: Raikou|slp|[from] move: Rest
|
|upkeep
|turn|25
|
|switch|p2a: Marowak|Marowak, M|100\/100
|-damage|p2a: Marowak|88\/100|[from] Spikes
|cant|p1a: ripeti.|par
|
|upkeep
|turn|26
|
|move|p2a: Marowak|Swords Dance|p2a: Marowak
|-boost|p2a: Marowak|atk|2
|cant|p1a: ripeti.|par
|
|upkeep
|turn|27
|inactive|Bomber has 285 seconds left.
|
|move|p2a: Marowak|Earthquake|p1a: ripeti.
|-damage|p1a: ripeti.|0 fnt
|faint|p1a: ripeti.
|
|switch|p1a: ama.|Exeggutor, M|80\/100 par
|
|-heal|p1a: ama.|86\/100 par|[from] item: Leftovers
|upkeep
|turn|28
|
|move|p2a: Marowak|Rock Slide|p1a: ama.
|-damage|p1a: ama.|34\/100 par
|cant|p1a: ama.|par
|
|-heal|p1a: ama.|40\/100 par|[from] item: Leftovers
|upkeep
|turn|29
|
|switch|p1a: crea.|Forretress, M|100\/100 par
|move|p2a: Marowak|Earthquake|p1a: crea.
|-damage|p1a: crea.|3\/100 par
|
|-heal|p1a: crea.|9\/100 par|[from] item: Leftovers
|upkeep
|turn|30
|
|switch|p1a: vivi.|Zapdos|100\/100
|move|p2a: Marowak|Earthquake|p1a: vivi.
|-immune|p1a: vivi.|[msg]
|
|upkeep
|turn|31
|
|move|p1a: vivi.|Hidden Power|p2a: Marowak
|-supereffective|p2a: Marowak
|-damage|p2a: Marowak|39\/100
|move|p2a: Marowak|Rock Slide|p1a: vivi.
|-supereffective|p1a: vivi.
|-damage|p1a: vivi.|0 fnt
|faint|p1a: vivi.
|
|switch|p1a: respira.|Vaporeon, M|100\/100
|
|upkeep
|turn|32
|
|switch|p2a: Miltank|Miltank, F|99\/100
|-damage|p2a: Miltank|88\/100|[from] Spikes
|move|p1a: respira.|Surf|p2a: Miltank
|-damage|p2a: Miltank|52\/100
|
|-heal|p2a: Miltank|58\/100|[from] item: Leftovers
|upkeep
|turn|33
|
|move|p2a: Miltank|Heal Bell|p2a: Miltank
|-cureteam|p2a: Miltank|[from] move: Heal Bell
|move|p1a: respira.|Growth|p1a: respira.
|-boost|p1a: respira.|spa|1
|
|-heal|p2a: Miltank|64\/100|[from] item: Leftovers
|upkeep
|turn|34
|
|move|p2a: Miltank|Body Slam|p1a: respira.
|-damage|p1a: respira.|76\/100
|move|p1a: respira.|Growth|p1a: respira.
|-boost|p1a: respira.|spa|1
|
|-heal|p2a: Miltank|70\/100|[from] item: Leftovers
|-heal|p1a: respira.|82\/100|[from] item: Leftovers
|upkeep
|turn|35
|
|move|p2a: Miltank|Body Slam|p1a: respira.
|-damage|p1a: respira.|55\/100
|move|p1a: respira.|Surf|p2a: Miltank
|-damage|p2a: Miltank|0 fnt
|faint|p2a: Miltank
|
|switch|p2a: Raikou|Raikou|100\/100
|-damage|p2a: Raikou|88\/100|[from] Spikes
|
|-heal|p2a: Raikou|94\/100|[from] item: Leftovers
|-heal|p1a: respira.|61\/100|[from] item: Leftovers
|upkeep
|turn|36
|inactive|Bomber has 285 seconds left.
|
|switch|p1a: crea.|Forretress, M|9\/100 par
|move|p2a: Raikou|Thunder|p1a: crea.
|-damage|p1a: crea.|0 fnt
|faint|p1a: crea.
|
|switch|p1a: ama.|Exeggutor, M|40\/100 par
|
|-heal|p2a: Raikou|99\/100|[from] item: Leftovers
|-heal|p1a: ama.|46\/100 par|[from] item: Leftovers
|upkeep
|turn|37
|inactive|Earthworm has 285 seconds left.
|inactive|Earthworm has 270 seconds left.
|
|switch|p2a: Skarmory|Skarmory, M|90\/100
|cant|p1a: ama.|par
|
|-heal|p2a: Skarmory|96\/100|[from] item: Leftovers
|-heal|p1a: ama.|52\/100 par|[from] item: Leftovers
|upkeep
|turn|38
|
|switch|p1a: ridi.|Gengar, M|100\/100
|move|p2a: Skarmory|Drill Peck|p1a: ridi.
|-damage|p1a: ridi.|66\/100
|
|-heal|p1a: ridi.|72\/100|[from] item: Leftovers
|-heal|p2a: Skarmory|100\/100|[from] item: Leftovers
|upkeep
|turn|39
|inactive|Earthworm has 285 seconds left.
|inactive|Earthworm has 270 seconds left.
|
|move|p1a: ridi.|Thunderbolt|p2a: Skarmory
|-supereffective|p2a: Skarmory
|-damage|p2a: Skarmory|37\/100
|move|p2a: Skarmory|Drill Peck|p1a: ridi.
|-damage|p1a: ridi.|37\/100
|
|-heal|p1a: ridi.|43\/100|[from] item: Leftovers
|-heal|p2a: Skarmory|43\/100|[from] item: Leftovers
|upkeep
|turn|40
|
|switch|p2a: Snorlax|Snorlax, M|73\/100
|-damage|p2a: Snorlax|60\/100|[from] Spikes
|move|p1a: ridi.|Thunderbolt|p2a: Snorlax
|-damage|p2a: Snorlax|46\/100
|
|-heal|p1a: ridi.|49\/100|[from] item: Leftovers
|-heal|p2a: Snorlax|52\/100|[from] item: Leftovers
|upkeep
|turn|41
|
|switch|p1a: ama.|Exeggutor, M|52\/100 par
|move|p2a: Snorlax|Earthquake|p1a: ama.
|-resisted|p1a: ama.
|-damage|p1a: ama.|40\/100 par
|
|-heal|p2a: Snorlax|58\/100|[from] item: Leftovers
|-heal|p1a: ama.|46\/100 par|[from] item: Leftovers
|upkeep
|turn|42
|
|move|p2a: Snorlax|Body Slam|p1a: ama.
|-damage|p1a: ama.|15\/100 par
|move|p1a: ama.|Sleep Powder|p2a: Snorlax
|-status|p2a: Snorlax|slp
|
|-heal|p2a: Snorlax|64\/100 slp|[from] item: Leftovers
|-heal|p1a: ama.|21\/100 par|[from] item: Leftovers
|upkeep
|turn|43
|
|switch|p2a: Skarmory|Skarmory, M|43\/100
|switch|p1a: respira.|Vaporeon, M|61\/100
|
|-heal|p2a: Skarmory|49\/100|[from] item: Leftovers
|-heal|p1a: respira.|67\/100|[from] item: Leftovers
|upkeep
|turn|44
|inactive|Earthworm has 285 seconds left.
|
|switch|p2a: Raikou|Raikou|99\/100
|-damage|p2a: Raikou|88\/100|[from] Spikes
|move|p1a: respira.|Surf|p2a: Raikou
|-damage|p2a: Raikou|56\/100
|
|-heal|p2a: Raikou|62\/100|[from] item: Leftovers
|-heal|p1a: respira.|73\/100|[from] item: Leftovers
|upkeep
|turn|45
|inactive|Bomber has 285 seconds left.
|
|move|p2a: Raikou|Thunder|p1a: respira.|[miss]
|-miss|p2a: Raikou
|move|p1a: respira.|Roar|p2a: Raikou
|drag|p2a: Skarmory|Skarmory, M|49\/100
|
|-heal|p2a: Skarmory|55\/100|[from] item: Leftovers
|-heal|p1a: respira.|79\/100|[from] item: Leftovers
|upkeep
|turn|46
|inactive|Earthworm has 285 seconds left.
|
|move|p2a: Skarmory|Drill Peck|p1a: respira.
|-damage|p1a: respira.|56\/100
|move|p1a: respira.|Surf|p2a: Skarmory
|-damage|p2a: Skarmory|9\/100
|
|-heal|p2a: Skarmory|15\/100|[from] item: Leftovers
|-heal|p1a: respira.|62\/100|[from] item: Leftovers
|upkeep
|turn|47
|
|move|p1a: respira.|Surf|p2a: Skarmory
|-damage|p2a: Skarmory|0 fnt
|faint|p2a: Skarmory
|
|switch|p2a: Raikou|Raikou|62\/100
|-damage|p2a: Raikou|50\/100|[from] Spikes
|
|-heal|p2a: Raikou|56\/100|[from] item: Leftovers
|-heal|p1a: respira.|68\/100|[from] item: Leftovers
|upkeep
|turn|48
|
|switch|p1a: ama.|Exeggutor, M|21\/100 par
|move|p2a: Raikou|Thunder|p1a: ama.
|-resisted|p1a: ama.
|-damage|p1a: ama.|0 fnt
|faint|p1a: ama.
|
|switch|p1a: ridi.|Gengar, M|49\/100
|
|-heal|p2a: Raikou|62\/100|[from] item: Leftovers
|-heal|p1a: ridi.|55\/100|[from] item: Leftovers
|upkeep
|turn|49
|inactive|Earthworm has 285 seconds left.
|inactive|Earthworm has 270 seconds left.
|
|move|p2a: Raikou|Thunder|p1a: ridi.|[miss]
|-miss|p2a: Raikou
|move|p1a: ridi.|Ice Punch|p2a: Raikou
|-damage|p2a: Raikou|44\/100
|
|-heal|p2a: Raikou|50\/100|[from] item: Leftovers
|-heal|p1a: ridi.|61\/100|[from] item: Leftovers
|upkeep
|turn|50
|inactive|Bomber has 285 seconds left.
|inactive|Earthworm has 285 seconds left.
|
|switch|p2a: Snorlax|Snorlax, M|64\/100 slp
|-damage|p2a: Snorlax|52\/100 slp|[from] Spikes
|move|p1a: ridi.|Ice Punch|p2a: Snorlax
|-damage|p2a: Snorlax|39\/100 slp
|
|-heal|p1a: ridi.|68\/100|[from] item: Leftovers
|-heal|p2a: Snorlax|45\/100 slp|[from] item: Leftovers
|upkeep
|turn|51
|
|move|p1a: ridi.|Dynamic Punch|p2a: Snorlax|[miss]
|-miss|p1a: ridi.
|cant|p2a: Snorlax|slp
|
|-heal|p1a: ridi.|74\/100|[from] item: Leftovers
|-heal|p2a: Snorlax|51\/100 slp|[from] item: Leftovers
|upkeep
|turn|52
|
|move|p1a: ridi.|Dynamic Punch|p2a: Snorlax
|-supereffective|p2a: Snorlax
|-damage|p2a: Snorlax|19\/100 slp
|-start|p2a: Snorlax|confusion
|cant|p2a: Snorlax|slp
|
|-heal|p1a: ridi.|80\/100|[from] item: Leftovers
|-heal|p2a: Snorlax|25\/100 slp|[from] item: Leftovers
|upkeep
|turn|53
|
|move|p1a: ridi.|Thunderbolt|p2a: Snorlax
|-damage|p2a: Snorlax|10\/100 slp
|-curestatus|p2a: Snorlax|slp|[msg]
|-activate|p2a: Snorlax|confusion
|-damage|p2a: Snorlax|1\/100|[from] confusion
|
|-heal|p1a: ridi.|86\/100|[from] item: Leftovers
|-heal|p2a: Snorlax|7\/100|[from] item: Leftovers
|upkeep
|turn|54
|
|move|p1a: ridi.|Thunderbolt|p2a: Snorlax
|-damage|p2a: Snorlax|0 fnt
|faint|p2a: Snorlax
|
|switch|p2a: Starmie|Starmie|16\/100
|-damage|p2a: Starmie|3\/100|[from] Spikes
|
|-heal|p2a: Starmie|9\/100|[from] item: Leftovers
|-heal|p1a: ridi.|92\/100|[from] item: Leftovers
|upkeep
|turn|55
|
|switch|p1a: respira.|Vaporeon, M|68\/100
|move|p2a: Starmie|Thunder Wave|p1a: respira.
|-status|p1a: respira.|par
|
|-heal|p2a: Starmie|16\/100|[from] item: Leftovers
|-heal|p1a: respira.|74\/100 par|[from] item: Leftovers
|upkeep
|turn|56
|
|switch|p2a: Raikou|Raikou|50\/100
|-damage|p2a: Raikou|38\/100|[from] Spikes
|cant|p1a: respira.|par
|
|-heal|p2a: Raikou|44\/100|[from] item: Leftovers
|-heal|p1a: respira.|80\/100 par|[from] item: Leftovers
|upkeep
|turn|57
|
|move|p2a: Raikou|Thunder|p1a: respira.|[miss]
|-miss|p2a: Raikou
|cant|p1a: respira.|par
|
|-heal|p2a: Raikou|50\/100|[from] item: Leftovers
|-heal|p1a: respira.|86\/100 par|[from] item: Leftovers
|upkeep
|turn|58
|c|☆Bomber|lol
|
|move|p2a: Raikou|Thunder|p1a: respira.
|-crit|p1a: respira.
|-supereffective|p1a: respira.
|-damage|p1a: respira.|0 fnt
|faint|p1a: respira.
|
|switch|p1a: ridi.|Gengar, M|92\/100
|
|-heal|p2a: Raikou|56\/100|[from] item: Leftovers
|-heal|p1a: ridi.|99\/100|[from] item: Leftovers
|upkeep
|turn|59
|inactive|Bomber has 285 seconds left.
|
|move|p2a: Raikou|Thunder|p1a: ridi.
|-damage|p1a: ridi.|44\/100
|move|p1a: ridi.|Ice Punch|p2a: Raikou
|-damage|p2a: Raikou|37\/100
|
|-heal|p2a: Raikou|43\/100|[from] item: Leftovers
|-heal|p1a: ridi.|50\/100|[from] item: Leftovers
|upkeep
|turn|60
|
|move|p2a: Raikou|Thunder|p1a: ridi.|[miss]
|-miss|p2a: Raikou
|move|p1a: ridi.|Dynamic Punch|p2a: Raikou
|-crit|p2a: Raikou
|-damage|p2a: Raikou|5\/100
|-start|p2a: Raikou|confusion
|
|-heal|p2a: Raikou|11\/100|[from] item: Leftovers
|-heal|p1a: ridi.|56\/100|[from] item: Leftovers
|upkeep
|turn|61
|
|-activate|p2a: Raikou|confusion
|-damage|p2a: Raikou|2\/100|[from] confusion
|move|p1a: ridi.|Ice Punch|p2a: Raikou
|-damage|p2a: Raikou|0 fnt
|faint|p2a: Raikou
|
|switch|p2a: Starmie|Starmie|16\/100
|-damage|p2a: Starmie|3\/100|[from] Spikes
|
|-heal|p2a: Starmie|9\/100|[from] item: Leftovers
|-heal|p1a: ridi.|62\/100|[from] item: Leftovers
|upkeep
|turn|62
|
|move|p2a: Starmie|Thunder Wave|p1a: ridi.
|-status|p1a: ridi.|par
|cant|p1a: ridi.|par
|
|-heal|p2a: Starmie|16\/100|[from] item: Leftovers
|-heal|p1a: ridi.|69\/100 par|[from] item: Leftovers
|upkeep
|turn|63
|inactive|Bomber has 285 seconds left.
|c|☆Bomber|100% fp
|
|move|p2a: Starmie|Surf|p1a: ridi.
|-damage|p1a: ridi.|26\/100 par
|move|p1a: ridi.|Thunderbolt|p2a: Starmie
|-supereffective|p2a: Starmie
|-damage|p2a: Starmie|0 fnt
|faint|p2a: Starmie
|
|switch|p2a: Marowak|Marowak, M|39\/100
|-damage|p2a: Marowak|27\/100|[from] Spikes
|
|-heal|p1a: ridi.|32\/100 par|[from] item: Leftovers
|upkeep
|turn|64
|
|move|p2a: Marowak|Earthquake|p1a: ridi.
|-supereffective|p1a: ridi.
|-damage|p1a: ridi.|0 fnt
|faint|p1a: ridi.
|
|win|Earthworm
</script>
</div>
<div class="battle-log battle-log-inline"><div class="inner"><div class="battle-options"></div><div class="inner"><div class="chat message-error">Battle timer is ON: inactive players will automatically lose when time's up.</div><div class=""><small>Format:</small> <br><strong>[Gen 2] OU</strong></div><div class=""><small><em>Sleep Clause Mod:</em> Limit one foe put to sleep</small></div><div class=""><small><em>Freeze Clause Mod:</em> Limit one foe frozen</small></div><div class=""><small><em>Species Clause:</em> Limit one of each Pokémon</small></div><div class=""><small><em>OHKO Clause:</em> OHKO moves are banned</small></div><div class=""><small><em>Evasion Moves Clause:</em> Evasion moves are banned</small></div><div class=""><small><em>HP Percentage Mod:</em> HP is shown in percentages</small></div><div class="spacer battle-history"><br></div><div class="battle-history">Battle started between Bomber and Earthworm!<br></div><div class="spacer battle-history"><br></div><div class="battle-history">Go! ama. (<strong>Exeggutor</strong>)!<br></div><div class="spacer battle-history"><br></div><div class="battle-history">Earthworm sent out <strong>Snorlax</strong>!<br></div><div class="spacer battle-history"><br></div><h2 class="battle-history">Turn 1</h2><div class="chat chatmessage-bomber"><strong style="color:#ae4798"><small>☆</small><span class="username" data-name="Bomber">Bomber</span>:</strong> <em>hf</em></div><div class="spacer battle-history"><br></div><div class="battle-history">ama. used <strong>Sleep Powder</strong>!<br></div><div class="battle-history"><small>The opposing Snorlax fell asleep!</small><br></div><div class="spacer battle-history"><br></div><div class="battle-history">The opposing Snorlax is fast asleep.<br></div><div class="spacer battle-history"><br></div><h2 class="battle-history">Turn 2</h2><div class="chat message-error">Earthworm has 285 seconds left.</div><div class="spacer battle-history"><br></div><div class="battle-history">Earthworm withdrew Snorlax!<br></div><div class="battle-history">Earthworm sent out <strong>Raikou</strong>!<br></div><div class="spacer battle-history"><br></div><div class="battle-history">ama. used <strong>Psychic</strong>!<br></div><div class="battle-history"><small>(The opposing Raikou lost 30% of its health!)</small><br></div><div class="spacer battle-history"><br></div><div class="battle-history"><small>The opposing Raikou restored a little HP using its Leftovers!</small><br></div><div class="spacer battle-history"><br></div><h2 class="battle-history">Turn 3</h2><div class="spacer battle-history"><br></div><div class="battle-history">Earthworm withdrew Raikou!<br></div><div class="battle-history">Earthworm sent out <strong>Skarmory</strong>!<br></div><div class="spacer battle-history"><br></div><div class="battle-history">ama. used <strong>Psychic</strong>!<br></div><div class="battle-history"><small>It's not very effective...</small><br></div><div class="battle-history"><small>(The opposing Skarmory lost 21% of its health!)</small><br></div><div class="spacer battle-history"><br></div><div class="battle-history"><small>The opposing Skarmory restored a little HP using its Leftovers!</small><br></div><div class="spacer battle-history"><br></div><h2 class="battle-history">Turn 4</h2><div class="spacer battle-history"><br></div><div class="battle-history">Earthworm withdrew Skarmory!<br></div><div class="battle-history">Earthworm sent out <strong>Raikou</strong>!<br></div><div class="spacer battle-history"><br></div><div class="battle-history">ama. used <strong>Psychic</strong>!<br></div><div class="battle-history"><small>(The opposing Raikou lost 33% of its health!)</small><br></div><div class="battle-history"><small>The opposing Raikou's Sp. Def fell!</small><br></div><div class="spacer battle-history"><br></div><div class="battle-history"><small>The opposing Raikou restored a little HP using its Leftovers!</small><br></div><div class="spacer battle-history"><br></div><h2 class="battle-history">Turn 5</h2><div class="spacer battle-history"><br></div><div class="battle-history">Earthworm withdrew Raikou!<br></div><div class="battle-history">Earthworm sent out <strong>Skarmory</strong>!<br></div><div class="spacer battle-history"><br></div><div class="battle-history">ama., come back!<br></div><div class="battle-history">Go! crea. (<strong>Forretress</strong>)!<br></div><div class="spacer battle-history"><br></div><div class="battle-history"><small>The opposing Skarmory restored a little HP using its Leftovers!</small><br></div><div class="spacer battle-history"><br></div><h2 class="battle-history">Turn 6</h2><div class="spacer battle-history"><br></div><div class="battle-history">Earthworm withdrew Skarmory!<br></div><div class="battle-history">Earthworm sent out <strong>Starmie</strong>!<br></div><div class="spacer battle-history"><br></div><div class="battle-history">crea. used <strong>Spikes</strong>!<br></div><div class="battle-history"><small>Spikes were scattered on the ground all around the opposing team!</small><br></div><div class="spacer battle-history"><br></div><h2 class="battle-history">Turn 7</h2><div class="spacer battle-history"><br></div><div class="battle-history">The opposing Starmie used <strong>Rapid Spin</strong>!<br></div><div class="battle-history"><small>It's not very effective...</small><br></div><div class="battle-history"><small>(crea. lost 1% of its health!)</small><br></div><div class="battle-history"><small>The spikes disappeared from the ground around the opposing team!</small><br></div><div class="spacer battle-history"><br></div><div class="battle-history">crea. used <strong>Toxic</strong>!<br></div><div class="battle-history"><small>The opposing Starmie was badly poisoned!</small><br></div><div class="spacer battle-history"><br></div><div class="battle-history"><small>crea. restored a little HP using its Leftovers!</small><br></div><div class="spacer battle-history"><br></div><h2 class="battle-history">Turn 8</h2><div class="spacer battle-history"><br></div><div class="battle-history">crea., come back!<br></div><div class="battle-history">Go! ripeti. (<strong>Snorlax</strong>)!<br></div><div class="spacer battle-history"><br></div><div class="battle-history">The opposing Starmie used <strong>Thunder Wave</strong>!<br></div><div class="battle-history"><small>ripeti. is paralyzed! It may be unable to move!</small><br></div><div class="battle-history"><small>The opposing Starmie was hurt by poison!</small><br></div><div class="spacer battle-history"><br></div><div class="battle-history"><small>The opposing Starmie restored a little HP using its Leftovers!</small><br></div><div class="spacer battle-history"><br></div><h2 class="battle-history">Turn 9</h2><div class="spacer battle-history"><br></div><div class="battle-history">Earthworm withdrew Starmie!<br></div><div class="battle-history">Earthworm sent out <strong>Skarmory</strong>!<br></div><div class="spacer battle-history"><br></div><div class="battle-history">ripeti., come back!<br></div><div class="battle-history">Go! crea. (<strong>Forretress</strong>)!<br></div><div class="spacer battle-history"><br></div><div class="battle-history"><small>The opposing Skarmory restored a little HP using its Leftovers!</small><br></div><div class="spacer battle-history"><br></div><h2 class="battle-history">Turn 10</h2><div class="spacer battle-history"><br></div><div class="battle-history">Earthworm withdrew Skarmory!<br></div><div class="battle-history">Earthworm sent out <strong>Starmie</strong>!<br></div><div class="battle-history"><small>The opposing Starmie was poisoned!</small><br></div><div class="battle-history"><small>The opposing Starmie was hurt by poison!</small><br></div><div class="spacer battle-history"><br></div><div class="battle-history">crea. used <strong>Spikes</strong>!<br></div><div class="battle-history"><small>Spikes were scattered on the ground all around the opposing team!</small><br></div><div class="spacer battle-history"><br></div><div class="battle-history"><small>The opposing Starmie restored a little HP using its Leftovers!</small><br></div><div class="spacer battle-history"><br></div><h2 class="battle-history">Turn 11</h2><div class="spacer battle-history"><br></div><div class="battle-history">The opposing Starmie used <strong>Rapid Spin</strong>!<br></div><div class="battle-history"><small>It's not very effective...</small><br></div><div class="battle-history"><small>(crea. lost 1% of its health!)</small><br></div><div class="battle-history"><small>The spikes disappeared from the ground around the opposing team!</small><br></div><div class="battle-history"><small>The opposing Starmie was hurt by poison!</small><br></div><div class="spacer battle-history"><br></div><div class="battle-history">crea. used <strong>Hidden Power</strong>!<br></div><div class="battle-history"><small>It's super effective!</small><br></div><div class="battle-history"><small>(The opposing Starmie lost 52% of its health!)</small><br></div><div class="spacer battle-history"><br></div><div class="battle-history"><small>The opposing Starmie restored a little HP using its Leftovers!</small><br></div><div class="battle-history"><small>crea. restored a little HP using its Leftovers!</small><br></div><div class="spacer battle-history"><br></div><h2 class="battle-history">Turn 12</h2><div class="spacer battle-history"><br></div><div class="battle-history">The opposing Starmie used <strong>Recover</strong>!<br></div><div class="battle-history"><small>The opposing Starmie had its HP restored.</small><br></div><div class="battle-history"><small>The opposing Starmie was hurt by poison!</small><br></div><div class="spacer battle-history"><br></div><div class="battle-history">crea. used <strong>Spikes</strong>!<br></div><div class="battle-history"><small>Spikes were scattered on the ground all around the opposing team!</small><br></div><div class="spacer battle-history"><br></div><div class="battle-history"><small>The opposing Starmie restored a little HP using its Leftovers!</small><br></div><div class="spacer battle-history"><br></div><h2 class="battle-history">Turn 13</h2><div class="spacer battle-history"><br></div><div class="battle-history">The opposing Starmie used <strong>Thunder Wave</strong>!<br></div><div class="battle-history"><small>crea. is paralyzed! It may be unable to move!</small><br></div><div class="battle-history"><small>The opposing Starmie was hurt by poison!</small><br></div><div class="spacer battle-history"><br></div><div class="battle-history">crea. used <strong>Hidden Power</strong>!<br></div><div class="battle-history"><small>It's super effective!</small><br></div><div class="battle-history"><small>(The opposing Starmie lost 51% of its health!)</small><br></div><div class="spacer battle-history"><br></div><div class="battle-history"><small>The opposing Starmie restored a little HP using its Leftovers!</small><br></div><div class="spacer battle-history"><br></div><h2 class="battle-history">Turn 14</h2><div class="spacer battle-history"><br></div><div class="battle-history">The opposing Starmie used <strong>Recover</strong>!<br></div><div class="battle-history"><small>The opposing Starmie had its HP restored.</small><br></div><div class="battle-history"><small>The opposing Starmie was hurt by poison!</small><br></div><div class="spacer battle-history"><br></div><div class="battle-history">crea. used <strong>Hidden Power</strong>!<br></div><div class="battle-history"><small>It's super effective!</small><br></div><div class="battle-history"><small>(The opposing Starmie lost 52% of its health!)</small><br></div><div class="spacer battle-history"><br></div><div class="battle-history"><small>The opposing Starmie restored a little HP using its Leftovers!</small><br></div><div class="spacer battle-history"><br></div><h2 class="battle-history">Turn 15</h2><div class="spacer battle-history"><br></div><div class="battle-history">Earthworm withdrew Starmie!<br></div><div class="battle-history">Earthworm sent out <strong>Miltank</strong>!<br></div><div class="battle-history"><small>The opposing Miltank was hurt by the spikes!</small><br></div><div class="spacer battle-history"><br></div><div class="battle-history">crea. is paralyzed! It can't move!<br></div><div class="spacer battle-history"><br></div><div class="battle-history"><small>The opposing Miltank restored a little HP using its Leftovers!</small><br></div><div class="spacer battle-history"><br></div><h2 class="battle-history">Turn 16</h2><div class="spacer battle-history"><br></div><div class="battle-history">crea., come back!<br></div><div class="battle-history">Go! ridi. (<strong>Gengar</strong>)!<br></div><div class="spacer battle-history"><br></div><div class="battle-history">The opposing Miltank used <strong>Heal Bell</strong>!<br></div><div class="battle-history"><small>A bell chimed!</small><br></div><div class="spacer battle-history"><br></div><div class="battle-history"><small>The opposing Miltank restored a little HP using its Leftovers!</small><br></div><div class="spacer battle-history"><br></div><h2 class="battle-history">Turn 17</h2><div class="spacer battle-history"><br></div><div class="battle-history">Earthworm withdrew Miltank!<br></div><div class="battle-history">Earthworm sent out <strong>Snorlax</strong>!<br></div><div class="battle-history"><small>The opposing Snorlax was hurt by the spikes!</small><br></div><div class="spacer battle-history"><br></div><div class="battle-history">ridi. used <strong>Ice Punch</strong>!<br></div><div class="battle-history"><small>(The opposing Snorlax lost 12% of its health!)</small><br></div><div class="spacer battle-history"><br></div><div class="battle-history"><small>The opposing Snorlax restored a little HP using its Leftovers!</small><br></div><div class="spacer battle-history"><br></div><h2 class="battle-history">Turn 18</h2><div class="spacer battle-history"><br></div><div class="battle-history">ridi., come back!<br></div><div class="battle-history">Go! ama. (<strong>Exeggutor</strong>)!<br></div><div class="spacer battle-history"><br></div><div class="battle-history">The opposing Snorlax used <strong>Earthquake</strong>!<br></div><div class="battle-history"><small>It's not very effective...</small><br></div><div class="battle-history"><small>(ama. lost 12% of its health!)</small><br></div><div class="spacer battle-history"><br></div><div class="battle-history"><small>ama. restored a little HP using its Leftovers!</small><br></div><div class="battle-history"><small>The opposing Snorlax restored a little HP using its Leftovers!</small><br></div><div class="spacer battle-history"><br></div><h2 class="battle-history">Turn 19</h2><div class="spacer battle-history"><br></div><div class="battle-history">ama. used <strong>Psychic</strong>!<br></div><div class="battle-history"><small>(The opposing Snorlax lost 21% of its health!)</small><br></div><div class="spacer battle-history"><br></div><div class="battle-history">The opposing Snorlax used <strong>Body Slam</strong>!<br></div><div class="battle-history"><small>(ama. lost 32% of its health!)</small><br></div><div class="battle-history"><small>ama. is paralyzed! It may be unable to move!</small><br></div><div class="spacer battle-history"><br></div><div class="battle-history"><small>The opposing Snorlax restored a little HP using its Leftovers!</small><br></div><div class="battle-history"><small>ama. restored a little HP using its Leftovers!</small><br></div><div class="spacer battle-history"><br></div><h2 class="battle-history">Turn 20</h2><div class="spacer battle-history"><br></div><div class="battle-history">Earthworm withdrew Snorlax!<br></div><div class="battle-history">Earthworm sent out <strong>Skarmory</strong>!<br></div><div class="spacer battle-history"><br></div><div class="battle-history">ama. used <strong>Sleep Powder</strong>!<br></div><div class="battle-history"><small>The opposing Skarmory fell asleep!</small><br></div><div class="spacer battle-history"><br></div><div class="battle-history"><small>The opposing Skarmory restored a little HP using its Leftovers!</small><br></div><div class="battle-history"><small>ama. restored a little HP using its Leftovers!</small><br></div><div class="spacer battle-history"><br></div><h2 class="battle-history">Turn 21</h2><div class="spacer battle-history"><br></div><div class="battle-history">The opposing Skarmory is fast asleep.<br></div><div class="spacer battle-history"><br></div><div class="battle-history">ama. used <strong>Psychic</strong>!<br></div><div class="battle-history"><small>It's not very effective...</small><br></div><div class="battle-history"><small>(The opposing Skarmory lost 22% of its health!)</small><br></div><div class="spacer battle-history"><br></div><div class="battle-history"><small>The opposing Skarmory restored a little HP using its Leftovers!</small><br></div><div class="battle-history"><small>ama. restored a little HP using its Leftovers!</small><br></div><div class="spacer battle-history"><br></div><h2 class="battle-history">Turn 22</h2><div class="spacer battle-history"><br></div><div class="battle-history">ama., come back!<br></div><div class="battle-history">Go! vivi. (<strong>Zapdos</strong>)!<br></div><div class="spacer battle-history"><br></div><div class="battle-history">The opposing Skarmory is fast asleep.<br></div><div class="spacer battle-history"><br></div><div class="battle-history"><small>The opposing Skarmory restored a little HP using its Leftovers!</small><br></div><div class="spacer battle-history"><br></div><h2 class="battle-history">Turn 23</h2><div class="spacer battle-history"><br></div><div class="battle-history">Earthworm withdrew Skarmory!<br></div><div class="battle-history">Earthworm sent out <strong>Raikou</strong>!<br></div><div class="battle-history"><small>The opposing Raikou was hurt by the spikes!</small><br></div><div class="spacer battle-history"><br></div><div class="battle-history">vivi. used <strong>Thunder</strong>!<br></div><div class="battle-history"><small>It's not very effective...</small><br></div><div class="battle-history"><small>(The opposing Raikou lost 23% of its health!)</small><br></div><div class="spacer battle-history"><br></div><div class="battle-history"><small>The opposing Raikou restored a little HP using its Leftovers!</small><br></div><div class="spacer battle-history"><br></div><h2 class="battle-history">Turn 24</h2><div class="spacer battle-history"><br></div><div class="battle-history">vivi., come back!<br></div><div class="battle-history">Go! ripeti. (<strong>Snorlax</strong>)!<br></div><div class="spacer battle-history"><br></div><div class="battle-history">The opposing Raikou used <strong>Rest</strong>!<br></div><div class="battle-history"><small>The opposing Raikou fell asleep!</small><br></div><div class="battle-history"><small>The opposing Raikou slept and became healthy!</small><br></div><div class="spacer battle-history"><br></div><h2 class="battle-history">Turn 25</h2><div class="spacer battle-history"><br></div><div class="battle-history">Earthworm withdrew Raikou!<br></div><div class="battle-history">Earthworm sent out <strong>Marowak</strong>!<br></div><div class="battle-history"><small>The opposing Marowak was hurt by the spikes!</small><br></div><div class="spacer battle-history"><br></div><div class="battle-history">ripeti. is paralyzed! It can't move!<br></div><div class="spacer battle-history"><br></div><h2 class="battle-history">Turn 26</h2><div class="spacer battle-history"><br></div><div class="battle-history">The opposing Marowak used <strong>Swords Dance</strong>!<br></div><div class="battle-history"><small>The opposing Marowak's Attack rose sharply!</small><br></div><div class="spacer battle-history"><br></div><div class="battle-history">ripeti. is paralyzed! It can't move!<br></div><div class="spacer battle-history"><br></div><h2 class="battle-history">Turn 27</h2><div class="chat message-error">Bomber has 285 seconds left.</div><div class="spacer battle-history"><br></div><div class="battle-history">The opposing Marowak used <strong>Earthquake</strong>!<br></div><div class="battle-history"><small>(ripeti. lost 100% of its health!)</small><br></div><div class="spacer battle-history"><br></div><div class="battle-history">ripeti. fainted!<br></div><div class="spacer battle-history"><br></div><div class="battle-history">Go! ama. (<strong>Exeggutor</strong>)!<br></div><div class="spacer battle-history"><br></div><div class="battle-history"><small>ama. restored a little HP using its Leftovers!</small><br></div><div class="spacer battle-history"><br></div><h2 class="battle-history">Turn 28</h2><div class="spacer battle-history"><br></div><div class="battle-history">The opposing Marowak used <strong>Rock Slide</strong>!<br></div><div class="battle-history"><small>(ama. lost 52% of its health!)</small><br></div><div class="spacer battle-history"><br></div><div class="battle-history">ama. is paralyzed! It can't move!<br></div><div class="spacer battle-history"><br></div><div class="battle-history"><small>ama. restored a little HP using its Leftovers!</small><br></div><div class="spacer battle-history"><br></div><h2 class="battle-history">Turn 29</h2><div class="spacer battle-history"><br></div><div class="battle-history">ama., come back!<br></div><div class="battle-history">Go! crea. (<strong>Forretress</strong>)!<br></div><div class="spacer battle-history"><br></div><div class="battle-history">The opposing Marowak used <strong>Earthquake</strong>!<br></div><div class="battle-history"><small>(crea. lost 97% of its health!)</small><br></div><div class="spacer battle-history"><br></div><div class="battle-history"><small>crea. restored a little HP using its Leftovers!</small><br></div><div class="spacer battle-history"><br></div><h2 class="battle-history">Turn 30</h2><div class="spacer battle-history"><br></div><div class="battle-history">crea., come back!<br></div><div class="battle-history">Go! vivi. (<strong>Zapdos</strong>)!<br></div><div class="spacer battle-history"><br></div><div class="battle-history">The opposing Marowak used <strong>Earthquake</strong>!<br></div><div class="battle-history"><small>It doesn't affect vivi....</small><br></div><div class="spacer battle-history"><br></div><h2 class="battle-history">Turn 31</h2><div class="spacer battle-history"><br></div><div class="battle-history">vivi. used <strong>Hidden Power</strong>!<br></div><div class="battle-history"><small>It's super effective!</small><br></div><div class="battle-history"><small>(The opposing Marowak lost 49% of its health!)</small><br></div><div class="spacer battle-history"><br></div><div class="battle-history">The opposing Marowak used <strong>Rock Slide</strong>!<br></div><div class="battle-history"><small>It's super effective!</small><br></div><div class="battle-history"><small>(vivi. lost 100% of its health!)</small><br></div><div class="spacer battle-history"><br></div><div class="battle-history">vivi. fainted!<br></div><div class="spacer battle-history"><br></div><div class="battle-history">Go! respira. (<strong>Vaporeon</strong>)!<br></div><div class="spacer battle-history"><br></div><h2 class="battle-history">Turn 32</h2><div class="spacer battle-history"><br></div><div class="battle-history">Earthworm withdrew Marowak!<br></div><div class="battle-history">Earthworm sent out <strong>Miltank</strong>!<br></div><div class="battle-history"><small>The opposing Miltank was hurt by the spikes!</small><br></div><div class="spacer battle-history"><br></div><div class="battle-history">respira. used <strong>Surf</strong>!<br></div><div class="battle-history"><small>(The opposing Miltank lost 36% of its health!)</small><br></div><div class="spacer battle-history"><br></div><div class="battle-history"><small>The opposing Miltank restored a little HP using its Leftovers!</small><br></div><div class="spacer battle-history"><br></div><h2 class="battle-history">Turn 33</h2><div class="spacer battle-history"><br></div><div class="battle-history">The opposing Miltank used <strong>Heal Bell</strong>!<br></div><div class="battle-history"><small>A bell chimed!</small><br></div><div class="spacer battle-history"><br></div><div class="battle-history">respira. used <strong>Growth</strong>!<br></div><div class="battle-history"><small>respira.'s Sp. Atk rose!</small><br></div><div class="spacer battle-history"><br></div><div class="battle-history"><small>The opposing Miltank restored a little HP using its Leftovers!</small><br></div><div class="spacer battle-history"><br></div><h2 class="battle-history">Turn 34</h2><div class="spacer battle-history"><br></div><div class="battle-history">The opposing Miltank used <strong>Body Slam</strong>!<br></div><div class="battle-history"><small>(respira. lost 24% of its health!)</small><br></div><div class="spacer battle-history"><br></div><div class="battle-history">respira. used <strong>Growth</strong>!<br></div><div class="battle-history"><small>respira.'s Sp. Atk rose!</small><br></div><div class="spacer battle-history"><br></div><div class="battle-history"><small>The opposing Miltank restored a little HP using its Leftovers!</small><br></div><div class="battle-history"><small>respira. restored a little HP using its Leftovers!</small><br></div><div class="spacer battle-history"><br></div><h2 class="battle-history">Turn 35</h2><div class="spacer battle-history"><br></div><div class="battle-history">The opposing Miltank used <strong>Body Slam</strong>!<br></div><div class="battle-history"><small>(respira. lost 27% of its health!)</small><br></div><div class="spacer battle-history"><br></div><div class="battle-history">respira. used <strong>Surf</strong>!<br></div><div class="battle-history"><small>(The opposing Miltank lost 70% of its health!)</small><br></div><div class="spacer battle-history"><br></div><div class="battle-history">The opposing Miltank fainted!<br></div><div class="spacer battle-history"><br></div><div class="battle-history">Earthworm sent out <strong>Raikou</strong>!<br></div><div class="battle-history"><small>The opposing Raikou was hurt by the spikes!</small><br></div><div class="spacer battle-history"><br></div><div class="battle-history"><small>The opposing Raikou restored a little HP using its Leftovers!</small><br></div><div class="battle-history"><small>respira. restored a little HP using its Leftovers!</small><br></div><div class="spacer battle-history"><br></div><h2 class="battle-history">Turn 36</h2><div class="chat message-error">Bomber has 285 seconds left.</div><div class="spacer battle-history"><br></div><div class="battle-history">respira., come back!<br></div><div class="battle-history">Go! crea. (<strong>Forretress</strong>)!<br></div><div class="spacer battle-history"><br></div><div class="battle-history">The opposing Raikou used <strong>Thunder</strong>!<br></div><div class="battle-history"><small>(crea. lost 9% of its health!)</small><br></div><div class="spacer battle-history"><br></div><div class="battle-history">crea. fainted!<br></div><div class="spacer battle-history"><br></div><div class="battle-history">Go! ama. (<strong>Exeggutor</strong>)!<br></div><div class="spacer battle-history"><br></div><div class="battle-history"><small>The opposing Raikou restored a little HP using its Leftovers!</small><br></div><div class="battle-history"><small>ama. restored a little HP using its Leftovers!</small><br></div><div class="spacer battle-history"><br></div><h2 class="battle-history">Turn 37</h2><div class="chat message-error">Earthworm has 285 seconds left.</div><div class="chat message-error">Earthworm has 270 seconds left.</div><div class="spacer battle-history"><br></div><div class="battle-history">Earthworm withdrew Raikou!<br></div><div class="battle-history">Earthworm sent out <strong>Skarmory</strong>!<br></div><div class="spacer battle-history"><br></div><div class="battle-history">ama. is paralyzed! It can't move!<br></div><div class="spacer battle-history"><br></div><div class="battle-history"><small>The opposing Skarmory restored a little HP using its Leftovers!</small><br></div><div class="battle-history"><small>ama. restored a little HP using its Leftovers!</small><br></div><div class="spacer battle-history"><br></div><h2 class="battle-history">Turn 38</h2><div class="spacer battle-history"><br></div><div class="battle-history">ama., come back!<br></div><div class="battle-history">Go! ridi. (<strong>Gengar</strong>)!<br></div><div class="spacer battle-history"><br></div><div class="battle-history">The opposing Skarmory used <strong>Drill Peck</strong>!<br></div><div class="battle-history"><small>(ridi. lost 34% of its health!)</small><br></div><div class="spacer battle-history"><br></div><div class="battle-history"><small>ridi. restored a little HP using its Leftovers!</small><br></div><div class="battle-history"><small>The opposing Skarmory restored a little HP using its Leftovers!</small><br></div><div class="spacer battle-history"><br></div><h2 class="battle-history">Turn 39</h2><div class="chat message-error">Earthworm has 285 seconds left.</div><div class="chat message-error">Earthworm has 270 seconds left.</div><div class="spacer battle-history"><br></div><div class="battle-history">ridi. used <strong>Thunderbolt</strong>!<br></div><div class="battle-history"><small>It's super effective!</small><br></div><div class="battle-history"><small>(The opposing Skarmory lost 63% of its health!)</small><br></div><div class="spacer battle-history"><br></div><div class="battle-history">The opposing Skarmory used <strong>Drill Peck</strong>!<br></div><div class="battle-history"><small>(ridi. lost 35% of its health!)</small><br></div><div class="spacer battle-history"><br></div><div class="battle-history"><small>ridi. restored a little HP using its Leftovers!</small><br></div><div class="battle-history"><small>The opposing Skarmory restored a little HP using its Leftovers!</small><br></div><div class="spacer battle-history"><br></div><h2 class="battle-history">Turn 40</h2><div class="spacer battle-history"><br></div><div class="battle-history">Earthworm withdrew Skarmory!<br></div><div class="battle-history">Earthworm sent out <strong>Snorlax</strong>!<br></div><div class="battle-history"><small>The opposing Snorlax was hurt by the spikes!</small><br></div><div class="spacer battle-history"><br></div><div class="battle-history">ridi. used <strong>Thunderbolt</strong>!<br></div><div class="battle-history"><small>(The opposing Snorlax lost 14% of its health!)</small><br></div><div class="spacer battle-history"><br></div><div class="battle-history"><small>ridi. restored a little HP using its Leftovers!</small><br></div><div class="battle-history"><small>The opposing Snorlax restored a little HP using its Leftovers!</small><br></div><div class="spacer battle-history"><br></div><h2 class="battle-history">Turn 41</h2><div class="spacer battle-history"><br></div><div class="battle-history">ridi., come back!<br></div><div class="battle-history">Go! ama. (<strong>Exeggutor</strong>)!<br></div><div class="spacer battle-history"><br></div><div class="battle-history">The opposing Snorlax used <strong>Earthquake</strong>!<br></div><div class="battle-history"><small>It's not very effective...</small><br></div><div class="battle-history"><small>(ama. lost 12% of its health!)</small><br></div><div class="spacer battle-history"><br></div><div class="battle-history"><small>The opposing Snorlax restored a little HP using its Leftovers!</small><br></div><div class="battle-history"><small>ama. restored a little HP using its Leftovers!</small><br></div><div class="spacer battle-history"><br></div><h2 class="battle-history">Turn 42</h2><div class="spacer battle-history"><br></div><div class="battle-history">The opposing Snorlax used <strong>Body Slam</strong>!<br></div><div class="battle-history"><small>(ama. lost 31% of its health!)</small><br></div><div class="spacer battle-history"><br></div><div class="battle-history">ama. used <strong>Sleep Powder</strong>!<br></div><div class="battle-history"><small>The opposing Snorlax fell asleep!</small><br></div><div class="spacer battle-history"><br></div><div class="battle-history"><small>The opposing Snorlax restored a little HP using its Leftovers!</small><br></div><div class="battle-history"><small>ama. restored a little HP using its Leftovers!</small><br></div><div class="spacer battle-history"><br></div><h2 class="battle-history">Turn 43</h2><div class="spacer battle-history"><br></div><div class="battle-history">Earthworm withdrew Snorlax!<br></div><div class="battle-history">Earthworm sent out <strong>Skarmory</strong>!<br></div><div class="spacer battle-history"><br></div><div class="battle-history">ama., come back!<br></div><div class="battle-history">Go! respira. (<strong>Vaporeon</strong>)!<br></div><div class="spacer battle-history"><br></div><div class="battle-history"><small>The opposing Skarmory restored a little HP using its Leftovers!</small><br></div><div class="battle-history"><small>respira. restored a little HP using its Leftovers!</small><br></div><div class="spacer battle-history"><br></div><h2 class="battle-history">Turn 44</h2><div class="chat message-error">Earthworm has 285 seconds left.</div><div class="spacer battle-history"><br></div><div class="battle-history">Earthworm withdrew Skarmory!<br></div><div class="battle-history">Earthworm sent out <strong>Raikou</strong>!<br></div><div class="battle-history"><small>The opposing Raikou was hurt by the spikes!</small><br></div><div class="spacer battle-history"><br></div><div class="battle-history">respira. used <strong>Surf</strong>!<br></div><div class="battle-history"><small>(The opposing Raikou lost 32% of its health!)</small><br></div><div class="spacer battle-history"><br></div><div class="battle-history"><small>The opposing Raikou restored a little HP using its Leftovers!</small><br></div><div class="battle-history"><small>respira. restored a little HP using its Leftovers!</small><br></div><div class="spacer battle-history"><br></div><h2 class="battle-history">Turn 45</h2><div class="chat message-error">Bomber has 285 seconds left.</div><div class="spacer battle-history"><br></div><div class="battle-history">The opposing Raikou used <strong>Thunder</strong>!<br></div><div class="battle-history"><small>The opposing Raikou's attack missed!</small><br></div><div class="spacer battle-history"><br></div><div class="battle-history">respira. used <strong>Roar</strong>!<br></div><div class="spacer battle-history"><br></div><div class="battle-history"><strong>Skarmory</strong> was dragged out!<br></div><div class="spacer battle-history"><br></div><div class="battle-history"><small>The opposing Skarmory restored a little HP using its Leftovers!</small><br></div><div class="battle-history"><small>respira. restored a little HP using its Leftovers!</small><br></div><div class="spacer battle-history"><br></div><h2 class="battle-history">Turn 46</h2><div class="chat message-error">Earthworm has 285 seconds left.</div><div class="spacer battle-history"><br></div><div class="battle-history">The opposing Skarmory used <strong>Drill Peck</strong>!<br></div><div class="battle-history"><small>(respira. lost 23% of its health!)</small><br></div><div class="spacer battle-history"><br></div><div class="battle-history">respira. used <strong>Surf</strong>!<br></div><div class="battle-history"><small>(The opposing Skarmory lost 46% of its health!)</small><br></div><div class="spacer battle-history"><br></div><div class="battle-history"><small>The opposing Skarmory restored a little HP using its Leftovers!</small><br></div><div class="battle-history"><small>respira. restored a little HP using its Leftovers!</small><br></div><div class="spacer battle-history"><br></div><h2 class="battle-history">Turn 47</h2><div class="spacer battle-history"><br></div><div class="battle-history">respira. used <strong>Surf</strong>!<br></div><div class="battle-history"><small>(The opposing Skarmory lost 15% of its health!)</small><br></div><div class="spacer battle-history"><br></div><div class="battle-history">The opposing Skarmory fainted!<br></div><div class="spacer battle-history"><br></div><div class="battle-history">Earthworm sent out <strong>Raikou</strong>!<br></div><div class="battle-history"><small>The opposing Raikou was hurt by the spikes!</small><br></div><div class="spacer battle-history"><br></div><div class="battle-history"><small>The opposing Raikou restored a little HP using its Leftovers!</small><br></div><div class="battle-history"><small>respira. restored a little HP using its Leftovers!</small><br></div><div class="spacer battle-history"><br></div><h2 class="battle-history">Turn 48</h2><div class="spacer battle-history"><br></div><div class="battle-history">respira., come back!<br></div><div class="battle-history">Go! ama. (<strong>Exeggutor</strong>)!<br></div><div class="spacer battle-history"><br></div><div class="battle-history">The opposing Raikou used <strong>Thunder</strong>!<br></div><div class="battle-history"><small>It's not very effective...</small><br></div><div class="battle-history"><small>(ama. lost 21% of its health!)</small><br></div><div class="spacer battle-history"><br></div><div class="battle-history">ama. fainted!<br></div><div class="spacer battle-history"><br></div><div class="battle-history">Go! ridi. (<strong>Gengar</strong>)!<br></div><div class="spacer battle-history"><br></div><div class="battle-history"><small>The opposing Raikou restored a little HP using its Leftovers!</small><br></div><div class="battle-history"><small>ridi. restored a little HP using its Leftovers!</small><br></div><div class="spacer battle-history"><br></div><h2 class="battle-history">Turn 49</h2><div class="chat message-error">Earthworm has 285 seconds left.</div><div class="chat message-error">Earthworm has 270 seconds left.</div><div class="spacer battle-history"><br></div><div class="battle-history">The opposing Raikou used <strong>Thunder</strong>!<br></div><div class="battle-history"><small>The opposing Raikou's attack missed!</small><br></div><div class="spacer battle-history"><br></div><div class="battle-history">ridi. used <strong>Ice Punch</strong>!<br></div><div class="battle-history"><small>(The opposing Raikou lost 18% of its health!)</small><br></div><div class="spacer battle-history"><br></div><div class="battle-history"><small>The opposing Raikou restored a little HP using its Leftovers!</small><br></div><div class="battle-history"><small>ridi. restored a little HP using its Leftovers!</small><br></div><div class="spacer battle-history"><br></div><h2 class="battle-history">Turn 50</h2><div class="chat message-error">Bomber has 285 seconds left.</div><div class="chat message-error">Earthworm has 285 seconds left.</div><div class="spacer battle-history"><br></div><div class="battle-history">Earthworm withdrew Raikou!<br></div><div class="battle-history">Earthworm sent out <strong>Snorlax</strong>!<br></div><div class="battle-history"><small>The opposing Snorlax was hurt by the spikes!</small><br></div><div class="spacer battle-history"><br></div><div class="battle-history">ridi. used <strong>Ice Punch</strong>!<br></div><div class="battle-history"><small>(The opposing Snorlax lost 13% of its health!)</small><br></div><div class="spacer battle-history"><br></div><div class="battle-history"><small>ridi. restored a little HP using its Leftovers!</small><br></div><div class="battle-history"><small>The opposing Snorlax restored a little HP using its Leftovers!</small><br></div><div class="spacer battle-history"><br></div><h2 class="battle-history">Turn 51</h2><div class="spacer battle-history"><br></div><div class="battle-history">ridi. used <strong>Dynamic Punch</strong>!<br></div><div class="battle-history"><small>ridi.'s attack missed!</small><br></div><div class="spacer battle-history"><br></div><div class="battle-history">The opposing Snorlax is fast asleep.<br></div><div class="spacer battle-history"><br></div><div class="battle-history"><small>ridi. restored a little HP using its Leftovers!</small><br></div><div class="battle-history"><small>The opposing Snorlax restored a little HP using its Leftovers!</small><br></div><div class="spacer battle-history"><br></div><h2 class="battle-history">Turn 52</h2><div class="spacer battle-history"><br></div><div class="battle-history">ridi. used <strong>Dynamic Punch</strong>!<br></div><div class="battle-history"><small>It's super effective!</small><br></div><div class="battle-history"><small>(The opposing Snorlax lost 32% of its health!)</small><br></div><div class="battle-history"><small>The opposing Snorlax became confused!</small><br></div><div class="spacer battle-history"><br></div><div class="battle-history">The opposing Snorlax is fast asleep.<br></div><div class="spacer battle-history"><br></div><div class="battle-history"><small>ridi. restored a little HP using its Leftovers!</small><br></div><div class="battle-history"><small>The opposing Snorlax restored a little HP using its Leftovers!</small><br></div><div class="spacer battle-history"><br></div><h2 class="battle-history">Turn 53</h2><div class="spacer battle-history"><br></div><div class="battle-history">ridi. used <strong>Thunderbolt</strong>!<br></div><div class="battle-history"><small>(The opposing Snorlax lost 15% of its health!)</small><br></div><div class="battle-history"><small>The opposing Snorlax woke up!</small><br></div><div class="spacer battle-history"><br></div><div class="battle-history"><small>The opposing Snorlax is confused!</small><br></div><div class="battle-history">It hurt itself in its confusion!<br></div><div class="spacer battle-history"><br></div><div class="battle-history"><small>ridi. restored a little HP using its Leftovers!</small><br></div><div class="battle-history"><small>The opposing Snorlax restored a little HP using its Leftovers!</small><br></div><div class="spacer battle-history"><br></div><h2 class="battle-history">Turn 54</h2><div class="spacer battle-history"><br></div><div class="battle-history">ridi. used <strong>Thunderbolt</strong>!<br></div><div class="battle-history"><small>(The opposing Snorlax lost 7% of its health!)</small><br></div><div class="spacer battle-history"><br></div><div class="battle-history">The opposing Snorlax fainted!<br></div><div class="spacer battle-history"><br></div><div class="battle-history">Earthworm sent out <strong>Starmie</strong>!<br></div><div class="battle-history"><small>The opposing Starmie was hurt by the spikes!</small><br></div><div class="spacer battle-history"><br></div><div class="battle-history"><small>The opposing Starmie restored a little HP using its Leftovers!</small><br></div><div class="battle-history"><small>ridi. restored a little HP using its Leftovers!</small><br></div><div class="spacer battle-history"><br></div><h2 class="battle-history">Turn 55</h2><div class="spacer battle-history"><br></div><div class="battle-history">ridi., come back!<br></div><div class="battle-history">Go! respira. (<strong>Vaporeon</strong>)!<br></div><div class="spacer battle-history"><br></div><div class="battle-history">The opposing Starmie used <strong>Thunder Wave</strong>!<br></div><div class="battle-history"><small>respira. is paralyzed! It may be unable to move!</small><br></div><div class="spacer battle-history"><br></div><div class="battle-history"><small>The opposing Starmie restored a little HP using its Leftovers!</small><br></div><div class="battle-history"><small>respira. restored a little HP using its Leftovers!</small><br></div><div class="spacer battle-history"><br></div><h2 class="battle-history">Turn 56</h2><div class="spacer battle-history"><br></div><div class="battle-history">Earthworm withdrew Starmie!<br></div><div class="battle-history">Earthworm sent out <strong>Raikou</strong>!<br></div><div class="battle-history"><small>The opposing Raikou was hurt by the spikes!</small><br></div><div class="spacer battle-history"><br></div><div class="battle-history">respira. is paralyzed! It can't move!<br></div><div class="spacer battle-history"><br></div><div class="battle-history"><small>The opposing Raikou restored a little HP using its Leftovers!</small><br></div><div class="battle-history"><small>respira. restored a little HP using its Leftovers!</small><br></div><div class="spacer battle-history"><br></div><h2 class="battle-history">Turn 57</h2><div class="spacer battle-history"><br></div><div class="battle-history">The opposing Raikou used <strong>Thunder</strong>!<br></div><div class="battle-history"><small>The opposing Raikou's attack missed!</small><br></div><div class="spacer battle-history"><br></div><div class="battle-history">respira. is paralyzed! It can't move!<br></div><div class="spacer battle-history"><br></div><div class="battle-history"><small>The opposing Raikou restored a little HP using its Leftovers!</small><br></div><div class="battle-history"><small>respira. restored a little HP using its Leftovers!</small><br></div><div class="spacer battle-history"><br></div><h2 class="battle-history">Turn 58</h2><div class="chat chatmessage-bomber"><strong style="color:#ae4798"><small>☆</small><span class="username" data-name="Bomber">Bomber</span>:</strong> <em>lol</em></div><div class="spacer battle-history"><br></div><div class="battle-history">The opposing Raikou used <strong>Thunder</strong>!<br></div><div class="battle-history"><small>A critical hit!</small><br></div><div class="battle-history"><small>It's super effective!</small><br></div><div class="battle-history"><small>(respira. lost 86% of its health!)</small><br></div><div class="spacer battle-history"><br></div><div class="battle-history">respira. fainted!<br></div><div class="spacer battle-history"><br></div><div class="battle-history">Go! ridi. (<strong>Gengar</strong>)!<br></div><div class="spacer battle-history"><br></div><div class="battle-history"><small>The opposing Raikou restored a little HP using its Leftovers!</small><br></div><div class="battle-history"><small>ridi. restored a little HP using its Leftovers!</small><br></div><div class="spacer battle-history"><br></div><h2 class="battle-history">Turn 59</h2><div class="chat message-error">Bomber has 285 seconds left.</div><div class="spacer battle-history"><br></div><div class="battle-history">The opposing Raikou used <strong>Thunder</strong>!<br></div><div class="battle-history"><small>(ridi. lost 55% of its health!)</small><br></div><div class="spacer battle-history"><br></div><div class="battle-history">ridi. used <strong>Ice Punch</strong>!<br></div><div class="battle-history"><small>(The opposing Raikou lost 19% of its health!)</small><br></div><div class="spacer battle-history"><br></div><div class="battle-history"><small>The opposing Raikou restored a little HP using its Leftovers!</small><br></div><div class="battle-history"><small>ridi. restored a little HP using its Leftovers!</small><br></div><div class="spacer battle-history"><br></div><h2 class="battle-history">Turn 60</h2><div class="spacer battle-history"><br></div><div class="battle-history">The opposing Raikou used <strong>Thunder</strong>!<br></div><div class="battle-history"><small>The opposing Raikou's attack missed!</small><br></div><div class="spacer battle-history"><br></div><div class="battle-history">ridi. used <strong>Dynamic Punch</strong>!<br></div><div class="battle-history"><small>A critical hit!</small><br></div><div class="battle-history"><small>(The opposing Raikou lost 38% of its health!)</small><br></div><div class="battle-history"><small>The opposing Raikou became confused!</small><br></div><div class="spacer battle-history"><br></div><div class="battle-history"><small>The opposing Raikou restored a little HP using its Leftovers!</small><br></div><div class="battle-history"><small>ridi. restored a little HP using its Leftovers!</small><br></div><div class="spacer battle-history"><br></div><h2 class="battle-history">Turn 61</h2><div class="spacer battle-history"><br></div><div class="battle-history"><small>The opposing Raikou is confused!</small><br></div><div class="battle-history">It hurt itself in its confusion!<br></div><div class="spacer battle-history"><br></div><div class="battle-history">ridi. used <strong>Ice Punch</strong>!<br></div><div class="battle-history"><small>(The opposing Raikou lost 2% of its health!)</small><br></div><div class="spacer battle-history"><br></div><div class="battle-history">The opposing Raikou fainted!<br></div><div class="spacer battle-history"><br></div><div class="battle-history">Earthworm sent out <strong>Starmie</strong>!<br></div><div class="battle-history"><small>The opposing Starmie was hurt by the spikes!</small><br></div><div class="spacer battle-history"><br></div><div class="battle-history"><small>The opposing Starmie restored a little HP using its Leftovers!</small><br></div><div class="battle-history"><small>ridi. restored a little HP using its Leftovers!</small><br></div><div class="spacer battle-history"><br></div><h2 class="battle-history">Turn 62</h2><div class="spacer battle-history"><br></div><div class="battle-history">The opposing Starmie used <strong>Thunder Wave</strong>!<br></div><div class="battle-history"><small>ridi. is paralyzed! It may be unable to move!</small><br></div><div class="spacer battle-history"><br></div><div class="battle-history">ridi. is paralyzed! It can't move!<br></div><div class="spacer battle-history"><br></div><div class="battle-history"><small>The opposing Starmie restored a little HP using its Leftovers!</small><br></div><div class="battle-history"><small>ridi. restored a little HP using its Leftovers!</small><br></div><div class="spacer battle-history"><br></div><h2 class="battle-history">Turn 63</h2><div class="chat message-error">Bomber has 285 seconds left.</div><div class="chat chatmessage-bomber"><strong style="color:#ae4798"><small>☆</small><span class="username" data-name="Bomber">Bomber</span>:</strong> <em>100% fp</em></div><div class="spacer battle-history"><br></div><div class="battle-history">The opposing Starmie used <strong>Surf</strong>!<br></div><div class="battle-history"><small>(ridi. lost 43% of its health!)</small><br></div><div class="spacer battle-history"><br></div><div class="battle-history">ridi. used <strong>Thunderbolt</strong>!<br></div><div class="battle-history"><small>It's super effective!</small><br></div><div class="battle-history"><small>(The opposing Starmie lost 16% of its health!)</small><br></div><div class="spacer battle-history"><br></div><div class="battle-history">The opposing Starmie fainted!<br></div><div class="spacer battle-history"><br></div><div class="battle-history">Earthworm sent out <strong>Marowak</strong>!<br></div><div class="battle-history"><small>The opposing Marowak was hurt by the spikes!</small><br></div><div class="spacer battle-history"><br></div><div class="battle-history"><small>ridi. restored a little HP using its Leftovers!</small><br></div><div class="spacer battle-history"><br></div><h2 class="battle-history">Turn 64</h2><div class="spacer battle-history"><br></div><div class="battle-history">The opposing Marowak used <strong>Earthquake</strong>!<br></div><div class="battle-history"><small>It's super effective!</small><br></div><div class="battle-history"><small>(ridi. lost 32% of its health!)</small><br></div><div class="spacer battle-history"><br></div><div class="battle-history">ridi. fainted!<br></div><div class="spacer battle-history"><br></div><div class="battle-history"><strong>Earthworm</strong> won the battle!<br></div></div><div class="inner-preempt"></div></div></div>
</div>
<script>
let daily = Math.floor(Date.now()/1000/60/60/24);document.write('<script src="https://play.pokemonshowdown.com/js/replay-embed.js?version'+daily+'"></'+'script>');
</script>
