<!DOCTYPE html>
<meta charset="utf-8" />
<!-- version 1 -->
<title>[Gen 2] OU replay: KA$H MONEY KEV vs. Mr.E</title>
<style>
html,body {font-family:Verdana, sans-serif;font-size:10pt;margin:0;padding:0;}body{padding:12px 0;} .battle-log {font-family:Verdana, sans-serif;font-size:10pt;} .battle-log-inline {border:1px solid #AAAAAA;background:#EEF2F5;color:black;max-width:640px;margin:0 auto 80px;padding-bottom:5px;} .battle-log .inner {padding:4px 8px 0px 8px;} .battle-log .inner-preempt {padding:0 8px 4px 8px;} .battle-log .inner-after {margin-top:0.5em;} .battle-log h2 {margin:0.5em -8px;padding:4px 8px;border:1px solid #AAAAAA;background:#E0E7EA;border-left:0;border-right:0;font-family:Verdana, sans-serif;font-size:13pt;} .battle-log .chat {vertical-align:middle;padding:3px 0 3px 0;font-size:8pt;} .battle-log .chat strong {color:#40576A;} .battle-log .chat em {padding:1px 4px 1px 3px;color:#000000;font-style:normal;} .chat.mine {background:rgba(0,0,0,0.05);margin-left:-8px;margin-right:-8px;padding-left:8px;padding-right:8px;} .spoiler {color:#BBBBBB;background:#BBBBBB;padding:0px 3px;} .spoiler:hover, .spoiler:active, .spoiler-shown {color:#000000;background:#E2E2E2;padding:0px 3px;} .spoiler a {color:#BBBBBB;} .spoiler:hover a, .spoiler:active a, .spoiler-shown a {color:#2288CC;} .chat code, .chat .spoiler:hover code, .chat .spoiler:active code, .chat .spoiler-shown code {border:1px solid #C0C0C0;background:#EEEEEE;color:black;padding:0 2px;} .chat .spoiler code {border:1px solid #CCCCCC;background:#CCCCCC;color:#CCCCCC;} .battle-log .rated {padding:3px 4px;} .battle-log .rated strong {color:white;background:#89A;padding:1px 4px;border-radius:4px;} .spacer {margin-top:0.5em;} .message-announce {background:#6688AA;color:white;padding:1px 4px 2px;} .message-announce a, .broadcast-green a, .broadcast-blue a, .broadcast-red a {color:#DDEEFF;} .broadcast-green {background-color:#559955;color:white;padding:2px 4px;} .broadcast-blue {background-color:#6688AA;color:white;padding:2px 4px;} .infobox {border:1px solid #6688AA;padding:2px 4px;} .infobox-limited {max-height:200px;overflow:auto;overflow-x:hidden;} .broadcast-red {background-color:#AA5544;color:white;padding:2px 4px;} .message-learn-canlearn {font-weight:bold;color:#228822;text-decoration:underline;} .message-learn-cannotlearn {font-weight:bold;color:#CC2222;text-decoration:underline;} .message-effect-weak {font-weight:bold;color:#CC2222;} .message-effect-resist {font-weight:bold;color:#6688AA;} .message-effect-immune {font-weight:bold;color:#666666;} .message-learn-list {margin-top:0;margin-bottom:0;} .message-throttle-notice, .message-error {color:#992222;} .message-overflow, .chat small.message-overflow {font-size:0pt;} .message-overflow::before {font-size:9pt;content:'...';} .subtle {color:#3A4A66;}
</style>
<div class="wrapper replay-wrapper" style="max-width:1180px;margin:0 auto">
<input type="hidden" name="replayid" value="smogtours-gen2ou-243974" />
<div class="battle"></div><div class="battle-log"></div><div class="replay-controls"></div><div class="replay-controls-2"></div>
<h1 style="font-weight:normal;text-align:center"><strong>[Gen 2] OU</strong><br /><a href="http://pokemonshowdown.com/users/kahmoneykev" class="subtle" target="_blank">KA$H MONEY KEV</a> vs. <a href="http://pokemonshowdown.com/users/mre" class="subtle" target="_blank">Mr.E</a></h1>
<script type="text/plain" class="battle-log-data">|inactive|Battle timer is ON: inactive players will automatically lose when time's up.
|J|KA$H MONEY KEV
|J|Mr.E
|player|p1|KA$H MONEY KEV|78
|player|p2|Mr.E|160
|gametype|singles
|gen|2
|tier|[Gen 2] OU
|seed|6262,52732,57913,5264
|rule|Sleep Clause Mod: Limit one foe put to sleep
|rule|Species Clause: Limit one of each Pokémon
|rule|OHKO Clause: OHKO moves are banned
|rule|Evasion Moves Clause: Evasion moves are banned
|rule|HP Percentage Mod: HP is shown in percentages
|
|start
|switch|p1a: THE KING VAL|Snorlax, M|523\/523
|switch|p2a: uber|Snorlax, M|523\/523
|turn|1
|J|eht
|J|Rei
|J|weshbien ✔️
|J|teal6
|J|Prague Kick
|J|Pohjis
|J|ggggd
|J|LUCK>SKILL
|J|reyscarface
|J|Blinkboy
|J|Jimmy Turtwig
|J|bro fist
|J|TDK
|J|Soruxt
|J|marrano
|J|Eo
|J|Empo
|raw|<div class="broadcast-red"><b>Moderated chat was set to @!<\/b><br \/>Only users of rank @ and higher can talk.<\/div>
|J|rozes
|J|Peasounay
|J|MRVS
|J|SOULWIND❄##~..
|J|Gunner Rohan
|J|kratosmana
|J|Esteemed User
|J|c o c o n u t
|J|Lacus Clyne
|J|Nineage
|J|Sam
|J|poek97 ❄
|J|Analytic♧
|J|ludicrousman
|J|iloveleague
|J|LKJ56
|J|mental homicide
|J|soulgazer
|choice|move doubleedge|move curse
|
|move|p1a: THE KING VAL|Double-Edge|p2a: uber
|-damage|p2a: uber|316\/523
|-damage|p1a: THE KING VAL|472\/523|[from] recoil|[of] p2a: uber
|move|p2a: uber|Curse|p2a: uber
|-unboost|p2a: uber|spe|1
|-boost|p2a: uber|atk|1
|-boost|p2a: uber|def|1
|
|-heal|p1a: THE KING VAL|504\/523|[from] item: Leftovers
|-heal|p2a: uber|348\/523|[from] item: Leftovers
|upkeep
|turn|2
|J|Syl♥ie Lyyneheym
|J|Luigi
|J|blunderr
|J|tko
|J|Funbot28
|J|NJNP➏神
|J|craing
|J|fitzy
|J|ZoroDark
|J|THE PDC SHOW
|J|hyogafodex
|J|tamahome
|J|p2
|J|august
|J|panamaxis
|J|bootbootbootboot
|J|ABR
|J|F3ner ♠
|J|R!cardo
|J|ItzViper482
|J|Sweepage
|choice|switch 6|move bodyslam
|
|switch|p1a: TEAL6|Skarmory, M|333\/333
|move|p2a: uber|Body Slam|p1a: TEAL6
|-resisted|p1a: TEAL6
|-damage|p1a: TEAL6|270\/333
|-status|p1a: TEAL6|par
|
|-heal|p2a: uber|380\/523|[from] item: Leftovers
|-heal|p1a: TEAL6|290\/333 par|[from] item: Leftovers
|upkeep
|turn|3
|L|TDK
|J|P E A R L ★
|J|MetalGro$$
|J|GOAO
|J|cocona xoxo
|L|Nineage
|J|Enki
|J|boudouche
|J|zebraiken
|J|erotic kiwis
|J|flcl
|J|Nineage
|J|Pleasure
|J|choolio iglesias
|J|BLIMMICKS
|J|Vubon
|L|Analytic♧
|J|Bomber
|J|Diegolh
|J|L0NE
|choice|move whirlwind|move bodyslam
|
|move|p2a: uber|Body Slam|p1a: TEAL6
|-resisted|p1a: TEAL6
|-damage|p1a: TEAL6|227\/333 par
|move|p1a: TEAL6|Whirlwind|p2a: uber
|drag|p2a: Sexmie|Starmie|323\/323
|
|-heal|p1a: TEAL6|247\/333 par|[from] item: Leftovers
|upkeep
|turn|4
|J|Isa
|J|Analytic♧
|J|Tokyo Tom
|J|anothergreenworld
|J|Akashic Rain
|J|ansaa
|J|paper dreams
|J|Cicada ★
|J|Hack
|J|Sken
|J|Advantage
|J|TR34SUR3
|J|Mr. Miner
|J|february stars
|choice|switch 6|switch 3
|
|switch|p2a: Sexbreon|Umbreon, M|393\/393
|switch|p1a: THE KING VAL|Snorlax, M|504\/523
|
|-heal|p1a: THE KING VAL|523\/523|[from] item: Leftovers
|upkeep
|turn|5
|J|Blackoblivion
|J|nedor
|J|the cruel thesis
|choice|move doubleedge|move toxic
|
|move|p2a: Sexbreon|Toxic|p1a: THE KING VAL
|-status|p1a: THE KING VAL|tox
|move|p1a: THE KING VAL|Double-Edge|p2a: Sexbreon
|-crit|p2a: Sexbreon
|-damage|p2a: Sexbreon|107\/393
|-damage|p1a: THE KING VAL|452\/523 tox|[from] recoil|[of] p2a: Sexbreon
|-damage|p1a: THE KING VAL|420\/523 tox|[from] tox|[of] p2a: Sexbreon
|
|-heal|p2a: Sexbreon|131\/393|[from] item: Leftovers
|-heal|p1a: THE KING VAL|452\/523 tox|[from] item: Leftovers
|upkeep
|turn|6
|J|ReshiRampage
|L|ReshiRampage
|J|menci
|J|lmz swaddi
|choice|move toxic|move rest
|
|move|p2a: Sexbreon|Rest|p2a: Sexbreon
|-status|p2: Sexbreon|slp
|-heal|p2a: Sexbreon|393\/393 slp|[silent]
|-status|p2a: Sexbreon|slp|[from] move: Rest
|move|p1a: THE KING VAL|Toxic|p2a: Sexbreon
|-fail|p2a: Sexbreon
|-damage|p1a: THE KING VAL|388\/523 tox|[from] tox|[of] p2a: Sexbreon
|
|-heal|p1a: THE KING VAL|420\/523 tox|[from] item: Leftovers
|upkeep
|turn|7
|L|Blackoblivion
|J|this is great
|J|skup
|J|Chompoo
|J|Obiora
|J|welliou..
|J|lighthouses
|L|erotic kiwis
|J|shinyspam☭
|J|obii ☁
|choice|move doubleedge|move charm
|
|cant|p2: Sexbreon|slp
|move|p1a: THE KING VAL|Double-Edge|p2a: Sexbreon
|-damage|p2a: Sexbreon|248\/393 slp
|-damage|p1a: THE KING VAL|384\/523 tox|[from] recoil|[of] p2a: Sexbreon
|-damage|p1a: THE KING VAL|288\/523 tox|[from] tox|[of] p2a: Sexbreon
|
|-heal|p2a: Sexbreon|272\/393 slp|[from] item: Leftovers
|-heal|p1a: THE KING VAL|320\/523 tox|[from] item: Leftovers
|upkeep
|turn|8
|J|Hai I Am Testing
|J|noveliss
|choice|switch 5|switch 5
|
|switch|p2a: Sexmory|Skarmory, M|333\/333
|switch|p1a: SOULWIN:D|Forretress, M|353\/353
|
|upkeep
|turn|9
|J|trc
|J|stay w0ke
|J|test ash
|choice|move spikes|move curse
|
|move|p2a: Sexmory|Curse|p2a: Sexmory
|-unboost|p2a: Sexmory|spe|1
|-boost|p2a: Sexmory|atk|1
|-boost|p2a: Sexmory|def|1
|move|p1a: SOULWIN:D|Spikes|p2a: Sexmory
|-sidestart|p2: Mr.E|Spikes
|
|upkeep
|turn|10
|J|Toupip
|J|McMeghan
|J|Get this Money
|L|kratosmana
|J|Ciele
|J|kratosmana
|J|Altariel von Sweep
|J|Hootie
|L|Altariel von Sweep
|choice|switch 3|switch 6
|
|switch|p1a: POEK :D|Raikou|383\/383
|switch|p2a: Blissex|Blissey, F|713\/713
|-damage|p2a: Blissex|624\/713|[from] Spikes
|
|-heal|p2a: Blissex|668\/713|[from] item: Leftovers
|upkeep
|turn|11
|L|cocona xoxo
|J|erotic kiwis
|J|Zamrock
|J|Funkasaurus
|L|this is great
|J|Facepalm's Plot
|L|stay w0ke
|J|this is great
|L|Facepalm's Plot
|choice|switch 5|move lightscreen
|
|switch|p1a: THE KING VAL|Snorlax, M|320\/523 tox
|-status|p1a: THE KING VAL|psn
|-damage|p1a: THE KING VAL|255\/523 psn|[from] psn
|move|p2a: Blissex|Light Screen|p2a: Blissex
|-sidestart|p2: Mr.E|move: Light Screen
|
|-heal|p2a: Blissex|712\/713|[from] item: Leftovers
|-heal|p1a: THE KING VAL|287\/523 psn|[from] item: Leftovers
|upkeep
|turn|12
|J|andrew
|choice|move rest|switch 6
|
|switch|p2a: Sexmory|Skarmory, M|333\/333
|move|p1a: THE KING VAL|Rest|p1a: THE KING VAL
|-status|p1: THE KING VAL|slp
|-heal|p1a: THE KING VAL|523\/523 slp|[silent]
|-status|p1a: THE KING VAL|slp|[from] move: Rest
|
|upkeep
|turn|13
|J|nubskrub
|J|Guest 29966
|choice|switch 2|switch 4
|
|switch|p2a: Marosex|Marowak, M|323\/323
|-damage|p2a: Marosex|283\/323|[from] Spikes
|switch|p1a: KYLE ZAMROCK|Suicune|403\/403
|
|upkeep
|turn|14
|J|Freeroamer
|c|★KA$H MONEY KEV|**-**
|J|habajiga
|J|Christo
|choice|move roar|switch 3
|
|switch|p2a: Sexmie|Starmie|323\/323
|-damage|p2a: Sexmie|283\/323|[from] Spikes
|move|p1a: KYLE ZAMROCK|Roar|p2a: Sexmie
|drag|p2a: Sexbreon|Umbreon, M|272\/393 slp
|-damage|p2a: Sexbreon|223\/393 slp|[from] Spikes
|
|-heal|p2a: Sexbreon|247\/393 slp|[from] item: Leftovers
|upkeep
|turn|15
|J|Kekekekekekekekeke
|J|Zaettsu
|J|Duck Chris
|choice|move roar|move toxic
|
|cant|p2: Sexbreon|slp
|move|p1a: KYLE ZAMROCK|Roar|p2a: Sexbreon
|drag|p2a: uber|Snorlax, M|380\/523
|-damage|p2a: uber|315\/523|[from] Spikes
|
|-heal|p2a: uber|347\/523|[from] item: Leftovers
|-sideend|p2: Mr.E|move: Light Screen
|upkeep
|turn|16
|L|Bomber
|L|Toupip
|J|Derk ◕‿◕
|L|Guest 29966
|J|TSR
|choice|switch 4|move bodyslam
|
|switch|p1a: NJN:P|Misdreavus, M|323\/323
|move|p2a: uber|Body Slam|p1a: NJN:P
|-immune|p1a: NJN:P|[msg]
|
|-heal|p2a: uber|379\/523|[from] item: Leftovers
|upkeep
|turn|17
|J|miltankmilk
|choice|move toxic|switch 2
|
|switch|p2a: Sexbreon|Umbreon, M|247\/393 slp
|-damage|p2a: Sexbreon|198\/393 slp|[from] Spikes
|move|p1a: NJN:P|Toxic|p2a: Sexbreon
|-fail|p2a: Sexbreon
|
|-heal|p2a: Sexbreon|222\/393 slp|[from] item: Leftovers
|upkeep
|turn|18
|choice|switch 3|move pursuit
|
|-activate|p1a: NJN:P|move: Pursuit
|-curestatus|p2a: Sexbreon|slp|[msg]
|move|p2a: Sexbreon|Pursuit|p1a: NJN:P|[from]Pursuit
|-supereffective|p1a: NJN:P
|-damage|p1a: NJN:P|156\/323
|switch|p1a: SOULWIN:D|Forretress, M|353\/353
|
|-heal|p2a: Sexbreon|246\/393|[from] item: Leftovers
|upkeep
|turn|19
|choice|move toxic|move charm
|
|move|p2a: Sexbreon|Charm|p1a: SOULWIN:D
|-unboost|p1a: SOULWIN:D|atk|2
|move|p1a: SOULWIN:D|Toxic|p2a: Sexbreon
|-status|p2a: Sexbreon|tox
|
|-heal|p2a: Sexbreon|270\/393 tox|[from] item: Leftovers
|upkeep
|turn|20
|J|thonkang
|L|c o c o n u t
|choice|move toxic|move charm
|
|move|p2a: Sexbreon|Charm|p1a: SOULWIN:D
|-unboost|p1a: SOULWIN:D|atk|2
|-damage|p2a: Sexbreon|246\/393 tox|[from] tox|[of] p1a: SOULWIN:D
|move|p1a: SOULWIN:D|Toxic|p2a: Sexbreon
|-fail|p2a: Sexbreon|tox
|
|-heal|p2a: Sexbreon|270\/393 tox|[from] item: Leftovers
|upkeep
|turn|21
|L|ItzViper482
|L|this is great
|choice|switch 5|move rest
|
|switch|p1a: POEK :D|Raikou|383\/383
|move|p2a: Sexbreon|Rest|p2a: Sexbreon
|-status|p2: Sexbreon|slp
|-heal|p2a: Sexbreon|393\/393 slp|[silent]
|-status|p2a: Sexbreon|slp|[from] move: Rest
|
|upkeep
|turn|22
|J|this is great
|choice|move reflect|move charm
|
|move|p1a: POEK :D|Reflect|p1a: POEK :D
|-sidestart|p1: KA$H MONEY KEV|Reflect
|cant|p2: Sexbreon|slp
|
|upkeep
|turn|23
|choice|move roar|move toxic
|
|cant|p2: Sexbreon|slp
|move|p1a: POEK :D|Roar|p2a: Sexbreon
|drag|p2a: Sexmory|Skarmory, M|333\/333
|
|upkeep
|turn|24
|J|Sabella
|choice|move roar|move whirlwind
|
|move|p1a: POEK :D|Roar|p2a: Sexmory
|-fail|p2a: Sexmory
|move|p2a: Sexmory|Whirlwind|p1a: POEK :D
|drag|p1a: KYLE ZAMROCK|Suicune|403\/403
|
|upkeep
|turn|25
|L|rozes
|choice|switch 6|move whirlwind
|
|switch|p1a: TEAL6|Skarmory, M|247\/333 par
|move|p2a: Sexmory|Whirlwind|p1a: TEAL6
|drag|p1a: NJN:P|Misdreavus, M|156\/323
|
|-heal|p1a: NJN:P|176\/323|[from] item: Leftovers
|upkeep
|turn|26
|L|THE PDC SHOW
|J|w4 pdceva
|J|Toupip
|L|L0NE
|L|eht
|choice|switch 4|switch 6
|
|switch|p1a: POEK :D|Raikou|383\/383
|switch|p2a: Blissex|Blissey, F|712\/713
|-damage|p2a: Blissex|623\/713|[from] Spikes
|
|-heal|p2a: Blissex|667\/713|[from] item: Leftovers
|-sideend|p1: KA$H MONEY KEV|Reflect
|upkeep
|turn|27
|J|BLINGAS
|L|GOAO
|J|CB Baselord
|choice|switch 2|move lightscreen
|
|switch|p1a: THE KING VAL|Snorlax, M|523\/523 slp
|move|p2a: Blissex|Light Screen|p2a: Blissex
|-sidestart|p2: Mr.E|move: Light Screen
|
|-heal|p2a: Blissex|711\/713|[from] item: Leftovers
|upkeep
|turn|28
|J|Blightbringerr
|choice|move doubleedge|switch 5
|
|switch|p2a: Sexmie|Starmie|283\/323
|-damage|p2a: Sexmie|243\/323|[from] Spikes
|cant|p1: THE KING VAL|slp
|
|-heal|p2a: Sexmie|263\/323|[from] item: Leftovers
|upkeep
|turn|29
|L|lighthouses
|L|this is great
|choice|move doubleedge|move surf
|
|move|p2a: Sexmie|Surf|p1a: THE KING VAL
|-crit|p1a: THE KING VAL
|-damage|p1a: THE KING VAL|316\/523 slp
|cant|p1: THE KING VAL|slp
|
|-heal|p2a: Sexmie|283\/323|[from] item: Leftovers
|-heal|p1a: THE KING VAL|348\/523 slp|[from] item: Leftovers
|upkeep
|turn|30
|J|ULT True Love
|J|this is great
|J|Genesis7
|choice|move toxic|move rapidspin
|
|move|p2a: Sexmie|Rapid Spin|p1a: THE KING VAL
|-damage|p1a: THE KING VAL|331\/523 slp
|-sideend|p2: Mr.E|Spikes|[from] move: Rapid Spin|[of] p2a: Sexmie
|-curestatus|p1a: THE KING VAL|slp|[msg]
|move|p1a: THE KING VAL|Toxic|p2a: Sexmie
|-status|p2a: Sexmie|tox
|
|-heal|p2a: Sexmie|303\/323 tox|[from] item: Leftovers
|-heal|p1a: THE KING VAL|363\/523|[from] item: Leftovers
|upkeep
|turn|31
|L|Empo
|choice|move doubleedge|switch 6
|
|switch|p2a: Sexmory|Skarmory, M|333\/333
|move|p1a: THE KING VAL|Double-Edge|p2a: Sexmory
|-resisted|p2a: Sexmory
|-damage|p2a: Sexmory|273\/333
|-damage|p1a: THE KING VAL|348\/523|[from] recoil|[of] p2a: Sexmory
|
|-heal|p2a: Sexmory|293\/333|[from] item: Leftovers
|-heal|p1a: THE KING VAL|380\/523|[from] item: Leftovers
|-sideend|p2: Mr.E|move: Light Screen
|upkeep
|turn|32
|L|Kekekekekekekekeke
|L|Genesis7
|J|Flopperich
|J|LJDarkrai ☯♆
|choice|switch 5|switch 2
|
|switch|p2a: uber|Snorlax, M|379\/523
|switch|p1a: SOULWIN:D|Forretress, M|353\/353
|
|-heal|p2a: uber|411\/523|[from] item: Leftovers
|upkeep
|turn|33
|J|FINCHINATOR
|J|BlueSkiddoWeCanToo
|J|Hori Kyouko
|J|im so blue
|J|Fireburn
|L|erotic kiwis
|choice|move spikes|move fireblast
|
|move|p1a: SOULWIN:D|Spikes|p2a: uber
|-sidestart|p2: Mr.E|Spikes
|move|p2a: uber|Fire Blast|p1a: SOULWIN:D
|-supereffective|p1a: SOULWIN:D
|-damage|p1a: SOULWIN:D|0 fnt
|faint|p1a: SOULWIN:D
|J|yakomaster
|J|Empo
|J|OP
|choice|switch 4|
|
|switch|p1a: NJN:P|Misdreavus, M|176\/323
|
|-heal|p1a: NJN:P|196\/323|[from] item: Leftovers
|-heal|p2a: uber|443\/523|[from] item: Leftovers
|upkeep
|turn|34
|choice|move painsplit|switch 4
|
|switch|p2a: Sexbreon|Umbreon, M|393\/393 slp
|-damage|p2a: Sexbreon|344\/393 slp|[from] Spikes
|move|p1a: NJN:P|Pain Split|p2a: Sexbreon
|-sethp|p2a: Sexbreon|270\/393 slp|p1a: NJN:P|270\/323|[from] move: Pain Split
|
|-heal|p1a: NJN:P|290\/323|[from] item: Leftovers
|-heal|p2a: Sexbreon|294\/393 slp|[from] item: Leftovers
|upkeep
|turn|35
|J|5-star status
|choice|move confuseray|move pursuit
|
|move|p1a: NJN:P|Confuse Ray|p2a: Sexbreon
|-start|p2a: Sexbreon|confusion
|-curestatus|p2a: Sexbreon|slp|[msg]
|-activate|p2a: Sexbreon|confusion
|move|p2a: Sexbreon|Pursuit|p1a: NJN:P
|-supereffective|p1a: NJN:P
|-damage|p1a: NJN:P|205\/323
|
|-heal|p1a: NJN:P|225\/323|[from] item: Leftovers
|-heal|p2a: Sexbreon|318\/393|[from] item: Leftovers
|upkeep
|turn|36
|J|hogg
|choice|move toxic|move pursuit
|
|move|p1a: NJN:P|Toxic|p2a: Sexbreon
|-status|p2a: Sexbreon|tox
|-activate|p2a: Sexbreon|confusion
|-damage|p2a: Sexbreon|296\/393 tox|[from] confusion
|-damage|p2a: Sexbreon|272\/393 tox|[from] tox|[of] p1a: NJN:P
|
|-heal|p1a: NJN:P|245\/323|[from] item: Leftovers
|-heal|p2a: Sexbreon|296\/393 tox|[from] item: Leftovers
|upkeep
|turn|37
|L|ULT True Love
|L|this is great
|L|tko
|choice|move painsplit|move toxic
|
|move|p1a: NJN:P|Pain Split|p2a: Sexbreon
|-sethp|p2a: Sexbreon|270\/393 tox|p1a: NJN:P|270\/323|[from] move: Pain Split
|-activate|p2a: Sexbreon|confusion
|-damage|p2a: Sexbreon|248\/393 tox|[from] confusion
|-damage|p2a: Sexbreon|200\/393 tox|[from] tox|[of] p1a: NJN:P
|
|-heal|p1a: NJN:P|290\/323|[from] item: Leftovers
|-heal|p2a: Sexbreon|224\/393 tox|[from] item: Leftovers
|upkeep
|turn|38
|choice|switch 5|move rest
|
|switch|p1a: THE KING VAL|Snorlax, M|380\/523
|-end|p2a: Sexbreon|confusion
|move|p2a: Sexbreon|Rest|p2a: Sexbreon
|-status|p2: Sexbreon|slp
|-heal|p2a: Sexbreon|393\/393 slp|[silent]
|-status|p2a: Sexbreon|slp|[from] move: Rest
|
|-heal|p1a: THE KING VAL|412\/523|[from] item: Leftovers
|upkeep
|turn|39
|L|Sweepage
|choice|switch 2|move charm
|
|switch|p1a: POEK :D|Raikou|383\/383
|cant|p2: Sexbreon|slp
|
|upkeep
|turn|40
|choice|move roar|move toxic
|
|cant|p2: Sexbreon|slp
|move|p1a: POEK :D|Roar|p2a: Sexbreon
|drag|p2a: uber|Snorlax, M|443\/523
|-damage|p2a: uber|378\/523|[from] Spikes
|
|-heal|p2a: uber|410\/523|[from] item: Leftovers
|upkeep
|turn|41
|J|Century Express
|J|GOAO
|J|Fear
|choice|move roar|move curse
|
|move|p2a: uber|Curse|p2a: uber
|-unboost|p2a: uber|spe|1
|-boost|p2a: uber|atk|1
|-boost|p2a: uber|def|1
|move|p1a: POEK :D|Roar|p2a: uber
|drag|p2a: Marosex|Marowak, M|283\/323
|-damage|p2a: Marosex|243\/323|[from] Spikes
|
|upkeep
|turn|42
|J|zf
|choice|switch 3|switch 6
|
|switch|p1a: TEAL6|Skarmory, M|247\/333 par
|switch|p2a: Sexmie|Starmie|303\/323 tox
|-status|p2a: Sexmie|psn
|-damage|p2a: Sexmie|263\/323 psn|[from] Spikes
|-damage|p2a: Sexmie|223\/323 psn|[from] psn
|
|-heal|p2a: Sexmie|243\/323 psn|[from] item: Leftovers
|-heal|p1a: TEAL6|267\/333 par|[from] item: Leftovers
|upkeep
|turn|43
|L|im so blue
|J|Mizuhime
|choice|switch 5|move rapidspin
|
|switch|p1a: NJN:P|Misdreavus, M|290\/323
|move|p2a: Sexmie|Rapid Spin|p1a: NJN:P
|-immune|p1a: NJN:P|[msg]
|-damage|p2a: Sexmie|203\/323 psn|[from] psn|[of] p1a: NJN:P
|
|-heal|p2a: Sexmie|223\/323 psn|[from] item: Leftovers
|-heal|p1a: NJN:P|310\/323|[from] item: Leftovers
|upkeep
|turn|44
|J|ULT True Love
|choice|move confuseray|move surf
|
|move|p2a: Sexmie|Surf|p1a: NJN:P
|-damage|p1a: NJN:P|190\/323
|-damage|p2a: Sexmie|183\/323 psn|[from] psn|[of] p1a: NJN:P
|move|p1a: NJN:P|Confuse Ray|p2a: Sexmie
|-start|p2a: Sexmie|confusion
|
|-heal|p2a: Sexmie|203\/323 psn|[from] item: Leftovers
|-heal|p1a: NJN:P|210\/323|[from] item: Leftovers
|upkeep
|turn|45
|J|bbeeaa
|L|bbeeaa
|choice|move thunder|move rapidspin
|
|-activate|p2a: Sexmie|confusion
|-damage|p2a: Sexmie|172\/323 psn|[from] confusion
|-damage|p2a: Sexmie|132\/323 psn|[from] psn|[of] p1a: NJN:P
|move|p1a: NJN:P|Thunder|p2a: Sexmie|[miss]
|-miss|p1a: NJN:P|p2a: Sexmie
|
|-heal|p2a: Sexmie|152\/323 psn|[from] item: Leftovers
|-heal|p1a: NJN:P|230\/323|[from] item: Leftovers
|upkeep
|turn|46
|c|★KA$H MONEY KEV|**haha**
|J|kwklwon
|choice|switch 5|switch 4
|
|switch|p2a: Sexbreon|Umbreon, M|393\/393 slp
|-damage|p2a: Sexbreon|344\/393 slp|[from] Spikes
|switch|p1a: TEAL6|Skarmory, M|267\/333 par
|
|-heal|p2a: Sexbreon|368\/393 slp|[from] item: Leftovers
|-heal|p1a: TEAL6|287\/333 par|[from] item: Leftovers
|upkeep
|turn|47
|c|★Mr.E|85% > 70% confirmed
|c|★KA$H MONEY KEV|**i dont do math**
|c|★KA$H MONEY KEV|**but i know ur lucky**
|L|GOAO
|c|★KA$H MONEY KEV|**:D**
|J|GOAO
|J|W4 Snacyl
|J|Hybuyn
|choice|move whirlwind|switch 4
|
|switch|p2a: Sexmie|Starmie|152\/323 psn
|-damage|p2a: Sexmie|112\/323 psn|[from] Spikes
|-damage|p2a: Sexmie|72\/323 psn|[from] psn
|cant|p1: TEAL6|par
|
|-heal|p2a: Sexmie|92\/323 psn|[from] item: Leftovers
|-heal|p1a: TEAL6|307\/333 par|[from] item: Leftovers
|upkeep
|turn|48
|c|★KA$H MONEY KEV|**amazing**
|c|★KA$H MONEY KEV|**phenomenal**
|L|Hybuyn
|J|Cloyy -
|choice|switch 5|move recover
|
|switch|p1a: NJN:P|Misdreavus, M|230\/323
|move|p2a: Sexmie|Recover|p2a: Sexmie
|-heal|p2a: Sexmie|254\/323 psn
|-damage|p2a: Sexmie|214\/323 psn|[from] psn
|
|-heal|p2a: Sexmie|234\/323 psn|[from] item: Leftovers
|-heal|p1a: NJN:P|250\/323|[from] item: Leftovers
|upkeep
|turn|49
|L|Sabella
|c|★Mr.E|>confuse ray misdreavus
|J|Sabella
|L|GOAO
|J|Wishful Soul
|L|panamaxis
|choice|move confuseray|switch 4
|
|switch|p2a: Sexbreon|Umbreon, M|368\/393 slp
|-damage|p2a: Sexbreon|319\/393 slp|[from] Spikes
|move|p1a: NJN:P|Confuse Ray|p2a: Sexbreon
|-start|p2a: Sexbreon|confusion
|
|-heal|p1a: NJN:P|270\/323|[from] item: Leftovers
|-heal|p2a: Sexbreon|343\/393 slp|[from] item: Leftovers
|upkeep
|turn|50
|c|★KA$H MONEY KEV|**pray u hit urself**
|choice|switch 5|move toxic
|
|switch|p1a: TEAL6|Skarmory, M|307\/333 par
|-curestatus|p2a: Sexbreon|slp|[msg]
|-activate|p2a: Sexbreon|confusion
|move|p2a: Sexbreon|Toxic|p1a: TEAL6
|-immune|p1a: TEAL6|[msg]
|
|-heal|p2a: Sexbreon|367\/393|[from] item: Leftovers
|-heal|p1a: TEAL6|327\/333 par|[from] item: Leftovers
|upkeep
|turn|51
|choice|move whirlwind|move charm
|
|-end|p2a: Sexbreon|confusion
|move|p2a: Sexbreon|Charm|p1a: TEAL6
|-unboost|p1a: TEAL6|atk|2
|cant|p1: TEAL6|par
|
|-heal|p2a: Sexbreon|391\/393|[from] item: Leftovers
|-heal|p1a: TEAL6|333\/333 par|[from] item: Leftovers
|upkeep
|turn|52
|choice|move whirlwind|switch 2
|
|switch|p2a: Sexmory|Skarmory, M|293\/333
|move|p1a: TEAL6|Whirlwind|p2a: Sexmory
|drag|p2a: Sexbreon|Umbreon, M|391\/393
|-damage|p2a: Sexbreon|342\/393|[from] Spikes
|
|-heal|p2a: Sexbreon|366\/393|[from] item: Leftovers
|upkeep
|turn|53
|J|panamaxis
|J|this is great
|choice|move whirlwind|switch 2
|
|switch|p2a: Sexmory|Skarmory, M|293\/333
|cant|p1: TEAL6|par
|
|-heal|p2a: Sexmory|313\/333|[from] item: Leftovers
|upkeep
|turn|54
|J|Newalfonquest
|choice|move whirlwind|move whirlwind
|
|move|p2a: Sexmory|Whirlwind|p1a: TEAL6
|-fail|p1a: TEAL6
|move|p1a: TEAL6|Whirlwind|p2a: Sexmory
|drag|p2a: Marosex|Marowak, M|243\/323
|-damage|p2a: Marosex|203\/323|[from] Spikes
|
|upkeep
|turn|55
|choice|move whirlwind|move rest
|
|move|p2a: Marosex|Rest|p2a: Marosex
|-status|p2: Marosex|slp
|-heal|p2a: Marosex|323\/323 slp|[silent]
|-status|p2a: Marosex|slp|[from] move: Rest
|move|p1a: TEAL6|Whirlwind|p2a: Marosex
|drag|p2a: uber|Snorlax, M|410\/523
|-damage|p2a: uber|345\/523|[from] Spikes
|
|-heal|p2a: uber|377\/523|[from] item: Leftovers
|upkeep
|turn|56
|J|DestinyUnknown
|L|this is great
|choice|switch 6|switch 2
|
|switch|p2a: Sexbreon|Umbreon, M|366\/393
|-damage|p2a: Sexbreon|317\/393|[from] Spikes
|switch|p1a: KYLE ZAMROCK|Suicune|403\/403
|
|-heal|p2a: Sexbreon|341\/393|[from] item: Leftovers
|upkeep
|turn|57
|L|Chompoo
|choice|switch 6|switch 4
|
|switch|p1a: TEAL6|Skarmory, M|333\/333 par
|switch|p2a: Sexmie|Starmie|234\/323 psn
|-damage|p2a: Sexmie|194\/323 psn|[from] Spikes
|-damage|p2a: Sexmie|154\/323 psn|[from] psn
|
|-heal|p2a: Sexmie|174\/323 psn|[from] item: Leftovers
|upkeep
|turn|58
|L|panamaxis
|L|Obiora
|L|Nineage
|J|Obiora
|choice|switch 5|move recover
|
|switch|p1a: NJN:P|Misdreavus, M|270\/323
|move|p2a: Sexmie|Recover|p2a: Sexmie
|-heal|p2a: Sexmie|323\/323 psn
|-damage|p2a: Sexmie|283\/323 psn|[from] psn
|
|-heal|p2a: Sexmie|303\/323 psn|[from] item: Leftovers
|-heal|p1a: NJN:P|290\/323|[from] item: Leftovers
|upkeep
|turn|59
|L|fitzy
|choice|move confuseray|move rapidspin
|
|move|p2a: Sexmie|Rapid Spin|p1a: NJN:P
|-immune|p1a: NJN:P|[msg]
|-damage|p2a: Sexmie|263\/323 psn|[from] psn|[of] p1a: NJN:P
|move|p1a: NJN:P|Confuse Ray|p2a: Sexmie
|-start|p2a: Sexmie|confusion
|
|-heal|p2a: Sexmie|283\/323 psn|[from] item: Leftovers
|-heal|p1a: NJN:P|310\/323|[from] item: Leftovers
|upkeep
|turn|60
|L|Tokyo Tom
|c|★KA$H MONEY KEV|**water u doing**
|L|Toupip
|choice|move thunder|move rapidspin
|
|-activate|p2a: Sexmie|confusion
|move|p2a: Sexmie|Rapid Spin|p1a: NJN:P
|-immune|p1a: NJN:P|[msg]
|-damage|p2a: Sexmie|243\/323 psn|[from] psn|[of] p1a: NJN:P
|move|p1a: NJN:P|Thunder|p2a: Sexmie
|-supereffective|p2a: Sexmie
|-damage|p2a: Sexmie|44\/323 psn
|
|-heal|p2a: Sexmie|64\/323 psn|[from] item: Leftovers
|-heal|p1a: NJN:P|323\/323|[from] item: Leftovers
|upkeep
|turn|61
|c|★KA$H MONEY KEV|**u the man bro**
|c|★KA$H MONEY KEV|**u the MAN**
|J|Memoric
|J|x412
|J|Pokemon Prefect
|choice|move thunder|switch 5
|
|switch|p2a: Blissex|Blissey, F|711\/713
|-damage|p2a: Blissex|622\/713|[from] Spikes
|move|p1a: NJN:P|Thunder|p2a: Blissex|[miss]
|-miss|p1a: NJN:P|p2a: Blissex
|
|-heal|p2a: Blissex|666\/713|[from] item: Leftovers
|upkeep
|turn|62
|L|Newalfonquest
|J|HL t24
|choice|switch 2|switch 4
|
|switch|p1a: THE KING VAL|Snorlax, M|412\/523
|switch|p2a: Sexbreon|Umbreon, M|341\/393
|-damage|p2a: Sexbreon|292\/393|[from] Spikes
|
|-heal|p2a: Sexbreon|316\/393|[from] item: Leftovers
|-heal|p1a: THE KING VAL|444\/523|[from] item: Leftovers
|upkeep
|turn|63
|J|panamaxis
|J|Sadfthadsff
|choice|move toxic|move charm
|
|move|p2a: Sexbreon|Charm|p1a: THE KING VAL
|-unboost|p1a: THE KING VAL|atk|2
|move|p1a: THE KING VAL|Toxic|p2a: Sexbreon
|-status|p2a: Sexbreon|tox
|
|-heal|p2a: Sexbreon|340\/393 tox|[from] item: Leftovers
|-heal|p1a: THE KING VAL|476\/523|[from] item: Leftovers
|upkeep
|turn|64
|L|Mr. Miner
|choice|switch 5|move charm
|
|switch|p1a: TEAL6|Skarmory, M|333\/333 par
|move|p2a: Sexbreon|Charm|p1a: TEAL6
|-unboost|p1a: TEAL6|atk|2
|-damage|p2a: Sexbreon|316\/393 tox|[from] tox|[of] p1a: TEAL6
|
|-heal|p2a: Sexbreon|340\/393 tox|[from] item: Leftovers
|upkeep
|turn|65
|J|Hector Hard Mode
|L|panamaxis
|J|Hikari
|choice|move whirlwind|switch 6
|
|switch|p2a: Sexmory|Skarmory, M|313\/333
|move|p1a: TEAL6|Whirlwind|p2a: Sexmory
|drag|p2a: Sexbreon|Umbreon, M|340\/393 tox
|-status|p2a: Sexbreon|psn
|-damage|p2a: Sexbreon|291\/393 psn|[from] Spikes
|
|-heal|p2a: Sexbreon|315\/393 psn|[from] item: Leftovers
|upkeep
|turn|66
|L|TR34SUR3
|choice|move whirlwind|switch 6
|
|switch|p2a: Sexmory|Skarmory, M|313\/333
|move|p1a: TEAL6|Whirlwind|p2a: Sexmory
|drag|p2a: uber|Snorlax, M|377\/523
|-damage|p2a: uber|312\/523|[from] Spikes
|
|-heal|p2a: uber|344\/523|[from] item: Leftovers
|upkeep
|turn|67
|J|panamaxis
|L|der junge
|choice|switch 6|move fireblast
|
|switch|p1a: KYLE ZAMROCK|Suicune|403\/403
|move|p2a: uber|Fire Blast|p1a: KYLE ZAMROCK
|-resisted|p1a: KYLE ZAMROCK
|-damage|p1a: KYLE ZAMROCK|371\/403
|
|-heal|p1a: KYLE ZAMROCK|396\/403|[from] item: Leftovers
|-heal|p2a: uber|376\/523|[from] item: Leftovers
|upkeep
|turn|68
|choice|move roar|move bodyslam
|
|move|p2a: uber|Body Slam|p1a: KYLE ZAMROCK
|-damage|p1a: KYLE ZAMROCK|294\/403
|move|p1a: KYLE ZAMROCK|Roar|p2a: uber
|drag|p2a: Sexmory|Skarmory, M|313\/333
|
|-heal|p1a: KYLE ZAMROCK|319\/403|[from] item: Leftovers
|-heal|p2a: Sexmory|333\/333|[from] item: Leftovers
|upkeep
|turn|69
|J|iamgingy
|choice|switch 3|switch 4
|
|switch|p1a: POEK :D|Raikou|383\/383
|switch|p2a: Blissex|Blissey, F|666\/713
|-damage|p2a: Blissex|577\/713|[from] Spikes
|
|-heal|p2a: Blissex|621\/713|[from] item: Leftovers
|upkeep
|turn|70
|J|der junge
|choice|move roar|move healbell
|
|move|p2a: Blissex|Heal Bell|p2a: Blissex
|-cureteam|p2a: Blissex|[from] move: Heal Bell
|move|p1a: POEK :D|Roar|p2a: Blissex
|drag|p2a: Sexbreon|Umbreon, M|315\/393
|-damage|p2a: Sexbreon|266\/393|[from] Spikes
|
|-heal|p2a: Sexbreon|290\/393|[from] item: Leftovers
|upkeep
|turn|71
|choice|switch 6|move toxic
|
|switch|p1a: TEAL6|Skarmory, M|333\/333 par
|move|p2a: Sexbreon|Toxic|p1a: TEAL6
|-immune|p1a: TEAL6|[msg]
|
|-heal|p2a: Sexbreon|314\/393|[from] item: Leftovers
|upkeep
|turn|72
|choice|move whirlwind|switch 4
|
|switch|p2a: Sexmory|Skarmory, M|333\/333
|move|p1a: TEAL6|Whirlwind|p2a: Sexmory
|drag|p2a: Blissex|Blissey, F|621\/713
|-damage|p2a: Blissex|532\/713|[from] Spikes
|
|-heal|p2a: Blissex|576\/713|[from] item: Leftovers
|upkeep
|turn|73
|choice|move whirlwind|switch 6
|
|switch|p2a: Sexmory|Skarmory, M|333\/333
|move|p1a: TEAL6|Whirlwind|p2a: Sexmory
|drag|p2a: Marosex|Marowak, M|323\/323
|-damage|p2a: Marosex|283\/323|[from] Spikes
|
|upkeep
|turn|74
|L|panamaxis
|choice|move whirlwind|move swordsdance
|
|move|p2a: Marosex|Swords Dance|p2a: Marosex
|-boost|p2a: Marosex|atk|2
|cant|p1: TEAL6|par
|
|upkeep
|turn|75
|J|Celysi(◑_◑)
|choice|move whirlwind|move rockslide
|
|move|p2a: Marosex|Rock Slide|p1a: TEAL6
|-crit|p1a: TEAL6
|-damage|p1a: TEAL6|19\/333 par
|move|p1a: TEAL6|Whirlwind|p2a: Marosex
|drag|p2a: Sexbreon|Umbreon, M|314\/393
|-damage|p2a: Sexbreon|265\/393|[from] Spikes
|
|-heal|p2a: Sexbreon|289\/393|[from] item: Leftovers
|-heal|p1a: TEAL6|39\/333 par|[from] item: Leftovers
|upkeep
|turn|76
|c|★KA$H MONEY KEV|**haha**
|J|supa hot fiaro
|J|eternally
|J|Strealet
|J|GOAO
|J|Mr. Miner
|choice|move whirlwind|switch 4
|
|switch|p2a: Marosex|Marowak, M|283\/323
|-damage|p2a: Marosex|243\/323|[from] Spikes
|move|p1a: TEAL6|Whirlwind|p2a: Marosex
|drag|p2a: Blissex|Blissey, F|576\/713
|-damage|p2a: Blissex|487\/713|[from] Spikes
|
|-heal|p2a: Blissex|531\/713|[from] item: Leftovers
|-heal|p1a: TEAL6|59\/333 par|[from] item: Leftovers
|upkeep
|turn|77
|L|Celysi(◑_◑)
|L|Cloyy -
|L|x412
|choice|switch 6|move icebeam
|
|switch|p1a: POEK :D|Raikou|383\/383
|move|p2a: Blissex|Ice Beam|p1a: POEK :D
|-damage|p1a: POEK :D|321\/383
|
|-heal|p1a: POEK :D|344\/383|[from] item: Leftovers
|-heal|p2a: Blissex|575\/713|[from] item: Leftovers
|upkeep
|turn|78
|choice|move roar|move lightscreen
|
|move|p2a: Blissex|Light Screen|p2a: Blissex
|-sidestart|p2: Mr.E|move: Light Screen
|move|p1a: POEK :D|Roar|p2a: Blissex
|drag|p2a: Marosex|Marowak, M|243\/323
|-damage|p2a: Marosex|203\/323|[from] Spikes
|
|-heal|p1a: POEK :D|367\/383|[from] item: Leftovers
|upkeep
|turn|79
|J|w3kommsussertodd
|L|w3kommsussertodd
|J|panamaxis
|L|OP
|J|C.H Russell
|J|OP
|choice|switch 3|move earthquake
|
|switch|p1a: KYLE ZAMROCK|Suicune|319\/403
|move|p2a: Marosex|Earthquake|p1a: KYLE ZAMROCK
|-damage|p1a: KYLE ZAMROCK|143\/403
|
|-heal|p1a: KYLE ZAMROCK|168\/403|[from] item: Leftovers
|upkeep
|turn|80
|choice|switch 6|move earthquake
|
|switch|p1a: TEAL6|Skarmory, M|59\/333 par
|move|p2a: Marosex|Earthquake|p1a: TEAL6
|-immune|p1a: TEAL6|[msg]
|
|-heal|p1a: TEAL6|79\/333 par|[from] item: Leftovers
|upkeep
|turn|81
|choice|switch 6|move rockslide
|
|switch|p1a: KYLE ZAMROCK|Suicune|168\/403
|move|p2a: Marosex|Rock Slide|p1a: KYLE ZAMROCK|[miss]
|-miss|p2a: Marosex|p1a: KYLE ZAMROCK
|
|-heal|p1a: KYLE ZAMROCK|193\/403|[from] item: Leftovers
|upkeep
|turn|82
|J|TR34SUR3
|choice|move surf|move rest
|
|move|p1a: KYLE ZAMROCK|Surf|p2a: Marosex
|-supereffective|p2a: Marosex
|-damage|p2a: Marosex|89\/323
|move|p2a: Marosex|Rest|p2a: Marosex
|-status|p2: Marosex|slp
|-heal|p2a: Marosex|323\/323 slp|[silent]
|-status|p2a: Marosex|slp|[from] move: Rest
|
|-heal|p1a: KYLE ZAMROCK|218\/403|[from] item: Leftovers
|-sideend|p2: Mr.E|move: Light Screen
|upkeep
|turn|83
|J|bugzinator RC
|choice|move roar|move earthquake
|
|cant|p2: Marosex|slp
|move|p1a: KYLE ZAMROCK|Roar|p2a: Marosex
|drag|p2a: Sexmie|Starmie|64\/323
|-damage|p2a: Sexmie|24\/323|[from] Spikes
|
|-heal|p2a: Sexmie|44\/323|[from] item: Leftovers
|-heal|p1a: KYLE ZAMROCK|243\/403|[from] item: Leftovers
|upkeep
|turn|84
|J|bbeeaa
|J|the412gang
|L|bbeeaa
|choice|move roar|move recover
|
|move|p2a: Sexmie|Recover|p2a: Sexmie
|-heal|p2a: Sexmie|206\/323
|move|p1a: KYLE ZAMROCK|Roar|p2a: Sexmie
|drag|p2a: uber|Snorlax, M|376\/523
|-damage|p2a: uber|311\/523|[from] Spikes
|
|-heal|p1a: KYLE ZAMROCK|268\/403|[from] item: Leftovers
|-heal|p2a: uber|343\/523|[from] item: Leftovers
|upkeep
|turn|85
|J|starmaster
|J|contorted lies
|J|NightFoxx.
|L|the412gang
|L|menci
|L|noveliss
|J|noveliss
|L|GOAO
|J|Thao EBBASTA
|choice|switch 2|move bodyslam
|
|switch|p1a: NJN:P|Misdreavus, M|323\/323
|move|p2a: uber|Body Slam|p1a: NJN:P
|-immune|p1a: NJN:P|[msg]
|
|-heal|p2a: uber|375\/523|[from] item: Leftovers
|upkeep
|turn|86
|J|GOAO
|choice|move confuseray|switch 5
|
|switch|p2a: Marosex|Marowak, M|323\/323 slp
|-damage|p2a: Marosex|283\/323 slp|[from] Spikes
|move|p1a: NJN:P|Confuse Ray|p2a: Marosex
|-start|p2a: Marosex|confusion
|
|upkeep
|turn|87
|choice|switch 2|move earthquake
|
|switch|p1a: KYLE ZAMROCK|Suicune|268\/403
|cant|p2: Marosex|slp
|
|-heal|p1a: KYLE ZAMROCK|293\/403|[from] item: Leftovers
|upkeep
|turn|88
|L|Obiora
|J|Obiora
|choice|move surf|switch 6
|
|switch|p2a: Blissex|Blissey, F|575\/713
|-damage|p2a: Blissex|486\/713|[from] Spikes
|move|p1a: KYLE ZAMROCK|Surf|p2a: Blissex
|-damage|p2a: Blissex|403\/713
|
|-heal|p1a: KYLE ZAMROCK|318\/403|[from] item: Leftovers
|-heal|p2a: Blissex|447\/713|[from] item: Leftovers
|upkeep
|turn|89
|J|Genesis7
|L|TR34SUR3
|J|ReshiRampage
|L|Eo
|choice|move roar|move lightscreen
|
|move|p2a: Blissex|Light Screen|p2a: Blissex
|-sidestart|p2: Mr.E|move: Light Screen
|move|p1a: KYLE ZAMROCK|Roar|p2a: Blissex
|drag|p2a: uber|Snorlax, M|375\/523
|-damage|p2a: uber|310\/523|[from] Spikes
|
|-heal|p1a: KYLE ZAMROCK|343\/403|[from] item: Leftovers
|-heal|p2a: uber|342\/523|[from] item: Leftovers
|upkeep
|turn|90
|L|eternally
|choice|move roar|move bodyslam
|
|move|p2a: uber|Body Slam|p1a: KYLE ZAMROCK
|-damage|p1a: KYLE ZAMROCK|249\/403
|-status|p1a: KYLE ZAMROCK|par
|cant|p1: KYLE ZAMROCK|par
|
|-heal|p2a: uber|374\/523|[from] item: Leftovers
|-heal|p1a: KYLE ZAMROCK|274\/403 par|[from] item: Leftovers
|upkeep
|turn|91
|L|Hack
|J|aim-phone
|J|Eo
|choice|move rest|move curse
|
|move|p2a: uber|Curse|p2a: uber
|-unboost|p2a: uber|spe|1
|-boost|p2a: uber|atk|1
|-boost|p2a: uber|def|1
|move|p1a: KYLE ZAMROCK|Rest|p1a: KYLE ZAMROCK
|-status|p1: KYLE ZAMROCK|slp
|-heal|p1a: KYLE ZAMROCK|403\/403 slp|[silent]
|-status|p1a: KYLE ZAMROCK|slp|[from] move: Rest
|
|-heal|p2a: uber|406\/523|[from] item: Leftovers
|upkeep
|turn|92
|choice|switch 2|switch 4
|
|switch|p1a: NJN:P|Misdreavus, M|323\/323
|switch|p2a: Sexbreon|Umbreon, M|289\/393
|-damage|p2a: Sexbreon|240\/393|[from] Spikes
|
|-heal|p2a: Sexbreon|264\/393|[from] item: Leftovers
|upkeep
|turn|93
|J|fhmjfh
|choice|switch 6|move toxic
|
|switch|p1a: TEAL6|Skarmory, M|79\/333 par
|move|p2a: Sexbreon|Toxic|p1a: TEAL6
|-immune|p1a: TEAL6|[msg]
|
|-heal|p2a: Sexbreon|288\/393|[from] item: Leftovers
|-heal|p1a: TEAL6|99\/333 par|[from] item: Leftovers
|-sideend|p2: Mr.E|move: Light Screen
|upkeep
|turn|94
|J|We Three Kings
|L|GOAO
|J|STARLITBRIGHT
|choice|move rest|switch 2
|
|switch|p2a: Sexmie|Starmie|206\/323
|-damage|p2a: Sexmie|166\/323|[from] Spikes
|move|p1a: TEAL6|Rest|p1a: TEAL6
|-status|p1: TEAL6|slp
|-heal|p1a: TEAL6|333\/333 slp|[silent]
|-status|p1a: TEAL6|slp|[from] move: Rest
|
|-heal|p2a: Sexmie|186\/323|[from] item: Leftovers
|upkeep
|turn|95
|J|TDK
|L|aim-phone
|choice|switch 6|move surf
|
|switch|p1a: NJN:P|Misdreavus, M|323\/323
|move|p2a: Sexmie|Surf|p1a: NJN:P
|-damage|p1a: NJN:P|209\/323
|
|-heal|p2a: Sexmie|206\/323|[from] item: Leftovers
|-heal|p1a: NJN:P|229\/323|[from] item: Leftovers
|upkeep
|turn|96
|choice|move thunder|switch 2
|
|switch|p2a: Sexbreon|Umbreon, M|288\/393
|-damage|p2a: Sexbreon|239\/393|[from] Spikes
|move|p1a: NJN:P|Thunder|p2a: Sexbreon|[miss]
|-miss|p1a: NJN:P|p2a: Sexbreon
|
|-heal|p1a: NJN:P|249\/323|[from] item: Leftovers
|-heal|p2a: Sexbreon|263\/393|[from] item: Leftovers
|upkeep
|turn|97
|L|Analytic♧
|L|MetalGro$$
|choice|move confuseray|move pursuit
|
|move|p1a: NJN:P|Confuse Ray|p2a: Sexbreon
|-start|p2a: Sexbreon|confusion
|-activate|p2a: Sexbreon|confusion
|move|p2a: Sexbreon|Pursuit|p1a: NJN:P
|-supereffective|p1a: NJN:P
|-damage|p1a: NJN:P|173\/323
|
|-heal|p1a: NJN:P|193\/323|[from] item: Leftovers
|-heal|p2a: Sexbreon|287\/393|[from] item: Leftovers
|upkeep
|turn|98
|choice|move painsplit|move toxic
|
|move|p1a: NJN:P|Pain Split|p2a: Sexbreon
|-sethp|p2a: Sexbreon|240\/393|p1a: NJN:P|240\/323|[from] move: Pain Split
|-activate|p2a: Sexbreon|confusion
|-damage|p2a: Sexbreon|217\/393|[from] confusion
|
|-heal|p1a: NJN:P|260\/323|[from] item: Leftovers
|-heal|p2a: Sexbreon|241\/393|[from] item: Leftovers
|upkeep
|turn|99
|J|lighthouses
|choice|switch 6|move pursuit
|
|-activate|p1a: NJN:P|move: Pursuit
|-end|p2a: Sexbreon|confusion
|move|p2a: Sexbreon|Pursuit|p1a: NJN:P|[from]Pursuit
|-supereffective|p1a: NJN:P
|-damage|p1a: NJN:P|99\/323
|switch|p1a: TEAL6|Skarmory, M|333\/333 slp
|
|-heal|p2a: Sexbreon|265\/393|[from] item: Leftovers
|upkeep
|turn|100
|L|Hikari
|L|LJDarkrai ☯♆
|J|Hikari
|L|BLIMMICKS
|J|MERU
|L|STARLITBRIGHT
|L|weshbien ✔️
|L|Genesis7
|choice|switch 6|switch 2
|
|switch|p1a: NJN:P|Misdreavus, M|99\/323
|switch|p2a: Sexmie|Starmie|206\/323
|-damage|p2a: Sexmie|166\/323|[from] Spikes
|
|-heal|p2a: Sexmie|186\/323|[from] item: Leftovers
|-heal|p1a: NJN:P|119\/323|[from] item: Leftovers
|upkeep
|turn|101
|J|Zamrock
|J|Evann
|L|We Three Kings
|choice|switch 3|switch 2
|
|switch|p2a: Sexbreon|Umbreon, M|265\/393
|-damage|p2a: Sexbreon|216\/393|[from] Spikes
|switch|p1a: POEK :D|Raikou|367\/383
|
|-heal|p1a: POEK :D|383\/383|[from] item: Leftovers
|-heal|p2a: Sexbreon|240\/393|[from] item: Leftovers
|upkeep
|turn|102
|J|We Three Kings
|choice|switch 6|move charm
|
|switch|p1a: TEAL6|Skarmory, M|333\/333 slp
|move|p2a: Sexbreon|Charm|p1a: TEAL6
|-unboost|p1a: TEAL6|atk|2
|
|-heal|p2a: Sexbreon|264\/393|[from] item: Leftovers
|upkeep
|turn|103
|L|Blightbringerr
|J|Rewer
|choice|switch 6|move toxic
|
|switch|p1a: POEK :D|Raikou|383\/383
|move|p2a: Sexbreon|Toxic|p1a: POEK :D
|-status|p1a: POEK :D|tox
|
|-heal|p2a: Sexbreon|288\/393|[from] item: Leftovers
|upkeep
|turn|104
|L|lmz swaddi
|choice|move roar|switch 5
|
|switch|p2a: Blissex|Blissey, F|447\/713
|-damage|p2a: Blissex|358\/713|[from] Spikes
|move|p1a: POEK :D|Roar|p2a: Blissex
|drag|p2a: Sexmory|Skarmory, M|333\/333
|-damage|p1a: POEK :D|360\/383 tox|[from] tox|[of] p2: Blissex
|
|-heal|p1a: POEK :D|383\/383 tox|[from] item: Leftovers
|upkeep
|turn|105
|J|STARLITBRIGHT
|choice|switch 5|switch 3
|
|switch|p1a: THE KING VAL|Snorlax, M|476\/523
|switch|p2a: Blissex|Blissey, F|358\/713
|-damage|p2a: Blissex|269\/713|[from] Spikes
|
|-heal|p2a: Blissex|313\/713|[from] item: Leftovers
|-heal|p1a: THE KING VAL|508\/523|[from] item: Leftovers
|upkeep
|turn|106
|L|STARLITBRIGHT
|J|Choa's Lover
|choice|move doubleedge|move softboiled
|
|move|p2a: Blissex|Soft-Boiled|p2a: Blissex
|-heal|p2a: Blissex|670\/713
|move|p1a: THE KING VAL|Double-Edge|p2a: Blissex
|-damage|p2a: Blissex|312\/713
|-damage|p1a: THE KING VAL|419\/523|[from] recoil|[of] p2a: Blissex
|
|-heal|p2a: Blissex|356\/713|[from] item: Leftovers
|-heal|p1a: THE KING VAL|451\/523|[from] item: Leftovers
|upkeep
|turn|107
|L|august
|choice|move toxic|switch 3
|
|switch|p2a: Sexmory|Skarmory, M|333\/333
|move|p1a: THE KING VAL|Toxic|p2a: Sexmory
|-immune|p2a: Sexmory|[msg]
|
|-heal|p1a: THE KING VAL|483\/523|[from] item: Leftovers
|upkeep
|turn|108
|J|august
|choice|move doubleedge|switch 5
|
|switch|p2a: Sexbreon|Umbreon, M|288\/393
|-damage|p2a: Sexbreon|239\/393|[from] Spikes
|move|p1a: THE KING VAL|Double-Edge|p2a: Sexbreon
|-damage|p2a: Sexbreon|104\/393
|-damage|p1a: THE KING VAL|450\/523|[from] recoil|[of] p2a: Sexbreon
|
|-heal|p2a: Sexbreon|128\/393|[from] item: Leftovers
|-heal|p1a: THE KING VAL|482\/523|[from] item: Leftovers
|upkeep
|turn|109
|L|fhmjfh
|choice|move doubleedge|move charm
|
|move|p2a: Sexbreon|Charm|p1a: THE KING VAL
|-unboost|p1a: THE KING VAL|atk|2
|move|p1a: THE KING VAL|Double-Edge|p2a: Sexbreon
|-damage|p2a: Sexbreon|60\/393
|-damage|p1a: THE KING VAL|465\/523|[from] recoil|[of] p2a: Sexbreon
|
|-heal|p2a: Sexbreon|84\/393|[from] item: Leftovers
|-heal|p1a: THE KING VAL|497\/523|[from] item: Leftovers
|upkeep
|turn|110
|J|Vileman
|L|Hikari
|choice|switch 3|move rest
|
|switch|p1a: NJN:P|Misdreavus, M|119\/323
|move|p2a: Sexbreon|Rest|p2a: Sexbreon
|-status|p2: Sexbreon|slp
|-heal|p2a: Sexbreon|393\/393 slp|[silent]
|-status|p2a: Sexbreon|slp|[from] move: Rest
|
|-heal|p1a: NJN:P|139\/323|[from] item: Leftovers
|upkeep
|turn|111
|L|We Three Kings
|J|Hikari
|L|W4 Snacyl
|J|im so blue
|choice|move painsplit|move toxic
|
|move|p1a: NJN:P|Pain Split|p2a: Sexbreon
|-sethp|p2a: Sexbreon|266\/393 slp|p1a: NJN:P|266\/323|[from] move: Pain Split
|cant|p2: Sexbreon|slp
|
|-heal|p1a: NJN:P|286\/323|[from] item: Leftovers
|-heal|p2a: Sexbreon|290\/393 slp|[from] item: Leftovers
|upkeep
|turn|112
|choice|switch 6|move charm
|
|switch|p1a: TEAL6|Skarmory, M|333\/333 slp
|cant|p2: Sexbreon|slp
|
|-heal|p2a: Sexbreon|314\/393 slp|[from] item: Leftovers
|upkeep
|turn|113
|J|We Three Kings
|choice|move curse|move charm
|
|cant|p1: TEAL6|slp
|-curestatus|p2a: Sexbreon|slp|[msg]
|move|p2a: Sexbreon|Charm|p1a: TEAL6
|-unboost|p1a: TEAL6|atk|2
|
|-heal|p2a: Sexbreon|338\/393|[from] item: Leftovers
|upkeep
|turn|114
|choice|move whirlwind|switch 2
|
|switch|p2a: Sexmie|Starmie|186\/323
|-damage|p2a: Sexmie|146\/323|[from] Spikes
|cant|p1: TEAL6|slp
|
|-heal|p2a: Sexmie|166\/323|[from] item: Leftovers
|upkeep
|turn|115
|L|F3ner ♠
|choice|switch 6|move recover
|
|switch|p1a: NJN:P|Misdreavus, M|286\/323
|move|p2a: Sexmie|Recover|p2a: Sexmie
|-heal|p2a: Sexmie|323\/323
|
|-heal|p1a: NJN:P|306\/323|[from] item: Leftovers
|upkeep
|turn|116
|J|ult fuggles
|J|GOAO
|J|JACOB
|choice|move thunder|switch 2
|
|switch|p2a: Sexbreon|Umbreon, M|338\/393
|-damage|p2a: Sexbreon|289\/393|[from] Spikes
|move|p1a: NJN:P|Thunder|p2a: Sexbreon
|-damage|p2a: Sexbreon|213\/393
|
|-heal|p1a: NJN:P|323\/323|[from] item: Leftovers
|-heal|p2a: Sexbreon|237\/393|[from] item: Leftovers
|upkeep
|turn|117
|J|jvl101993
|L|We Three Kings
|choice|switch 6|move toxic
|
|switch|p1a: TEAL6|Skarmory, M|333\/333 slp
|move|p2a: Sexbreon|Toxic|p1a: TEAL6
|-immune|p1a: TEAL6|[msg]
|
|-heal|p2a: Sexbreon|261\/393|[from] item: Leftovers
|upkeep
|turn|118
|L|test ash
|L|ludicrousman
|choice|move whirlwind|move rest
|
|move|p2a: Sexbreon|Rest|p2a: Sexbreon
|-status|p2: Sexbreon|slp
|-heal|p2a: Sexbreon|393\/393 slp|[silent]
|-status|p2a: Sexbreon|slp|[from] move: Rest
|-curestatus|p1a: TEAL6|slp|[msg]
|move|p1a: TEAL6|Whirlwind|p2a: Sexbreon
|drag|p2a: Marosex|Marowak, M|283\/323 slp
|-damage|p2a: Marosex|243\/323 slp|[from] Spikes
|
|upkeep
|turn|119
|J|W4 JayKode
|L|W4 JayKode
|J|bad ass
|choice|move whirlwind|move swordsdance
|
|-curestatus|p2a: Marosex|slp|[msg]
|move|p2a: Marosex|Swords Dance|p2a: Marosex
|-boost|p2a: Marosex|atk|2
|move|p1a: TEAL6|Whirlwind|p2a: Marosex
|drag|p2a: Sexbreon|Umbreon, M|393\/393 slp
|-damage|p2a: Sexbreon|344\/393 slp|[from] Spikes
|
|-heal|p2a: Sexbreon|368\/393 slp|[from] item: Leftovers
|upkeep
|turn|120
|L|w4 pdceva
|L|im so blue
|choice|move whirlwind|move charm
|
|cant|p2: Sexbreon|slp
|move|p1a: TEAL6|Whirlwind|p2a: Sexbreon
|drag|p2a: uber|Snorlax, M|406\/523
|-damage|p2a: uber|341\/523|[from] Spikes
|
|-heal|p2a: uber|373\/523|[from] item: Leftovers
|upkeep
|turn|121
|L|CB Baselord
|choice|move whirlwind|move fireblast
|
|move|p2a: uber|Fire Blast|p1a: TEAL6
|-supereffective|p1a: TEAL6
|-damage|p1a: TEAL6|157\/333
|move|p1a: TEAL6|Whirlwind|p2a: uber
|drag|p2a: Blissex|Blissey, F|356\/713
|-damage|p2a: Blissex|267\/713|[from] Spikes
|
|-heal|p1a: TEAL6|177\/333|[from] item: Leftovers
|-heal|p2a: Blissex|311\/713|[from] item: Leftovers
|upkeep
|turn|122
|J|W4 JayKode
|J|im so blue
|choice|switch 3|move softboiled
|
|switch|p1a: THE KING VAL|Snorlax, M|497\/523
|move|p2a: Blissex|Soft-Boiled|p2a: Blissex
|-heal|p2a: Blissex|668\/713
|
|-heal|p2a: Blissex|712\/713|[from] item: Leftovers
|-heal|p1a: THE KING VAL|523\/523|[from] item: Leftovers
|upkeep
|turn|123
|L|obii ☁
|J|Genesis7
|choice|move doubleedge|move lightscreen
|
|move|p2a: Blissex|Light Screen|p2a: Blissex
|-sidestart|p2: Mr.E|move: Light Screen
|move|p1a: THE KING VAL|Double-Edge|p2a: Blissex
|-damage|p2a: Blissex|357\/713
|-damage|p1a: THE KING VAL|435\/523|[from] recoil|[of] p2a: Blissex
|
|-heal|p2a: Blissex|401\/713|[from] item: Leftovers
|-heal|p1a: THE KING VAL|467\/523|[from] item: Leftovers
|upkeep
|turn|124
|choice|move toxic|switch 5
|
|switch|p2a: Sexmory|Skarmory, M|333\/333
|move|p1a: THE KING VAL|Toxic|p2a: Sexmory
|-immune|p2a: Sexmory|[msg]
|
|-heal|p1a: THE KING VAL|499\/523|[from] item: Leftovers
|upkeep
|turn|125
|L|Sken
|L|GOAO
|L|Genesis7
|choice|move doubleedge|move curse
|
|move|p2a: Sexmory|Curse|p2a: Sexmory
|-unboost|p2a: Sexmory|spe|1
|-boost|p2a: Sexmory|atk|1
|-boost|p2a: Sexmory|def|1
|move|p1a: THE KING VAL|Double-Edge|p2a: Sexmory
|-crit|p2a: Sexmory
|-resisted|p2a: Sexmory
|-damage|p2a: Sexmory|225\/333
|-damage|p1a: THE KING VAL|472\/523|[from] recoil|[of] p2a: Sexmory
|
|-heal|p1a: THE KING VAL|504\/523|[from] item: Leftovers
|-heal|p2a: Sexmory|245\/333|[from] item: Leftovers
|upkeep
|turn|126
|J|LuckyRyu
|L|august
|L|LuckyRyu
|J|Malekith
|choice|switch 3|move drillpeck
|
|switch|p1a: TEAL6|Skarmory, M|177\/333
|move|p2a: Sexmory|Drill Peck|p1a: TEAL6
|-resisted|p1a: TEAL6
|-damage|p1a: TEAL6|128\/333
|
|-heal|p1a: TEAL6|148\/333|[from] item: Leftovers
|-heal|p2a: Sexmory|265\/333|[from] item: Leftovers
|upkeep
|turn|127
|J|august
|J|Tom Bus
|choice|move curse|move whirlwind
|
|move|p1a: TEAL6|Curse|p1a: TEAL6
|-unboost|p1a: TEAL6|spe|1
|-boost|p1a: TEAL6|atk|1
|-boost|p1a: TEAL6|def|1
|move|p2a: Sexmory|Whirlwind|p1a: TEAL6
|drag|p1a: KYLE ZAMROCK|Suicune|403\/403 slp
|
|-heal|p2a: Sexmory|285\/333|[from] item: Leftovers
|-sideend|p2: Mr.E|move: Light Screen
|upkeep
|turn|128
|L|Tom Bus
|L|ggggd
|J|stay w0ke
|J|ggggd
|choice|move sleeptalk|switch 2
|
|switch|p2a: Sexmie|Starmie|323\/323
|-damage|p2a: Sexmie|283\/323|[from] Spikes
|cant|p1: KYLE ZAMROCK|slp
|move|p1a: KYLE ZAMROCK|Sleep Talk|p1a: KYLE ZAMROCK
|move|p1a: KYLE ZAMROCK|Rest|p1a: KYLE ZAMROCK|[from]Sleep Talk
|-fail|p1a: KYLE ZAMROCK
|
|-heal|p2a: Sexmie|303\/323|[from] item: Leftovers
|upkeep
|turn|129
|J|hero️
|choice|switch 6|switch 4
|
|switch|p2a: Sexbreon|Umbreon, M|368\/393 slp
|-damage|p2a: Sexbreon|319\/393 slp|[from] Spikes
|switch|p1a: NJN:P|Misdreavus, M|323\/323
|
|-heal|p2a: Sexbreon|343\/393 slp|[from] item: Leftovers
|upkeep
|turn|130
|J|Tom Bus
|J|We Three Kings
|choice|switch 2|move pursuit
|
|-activate|p1a: NJN:P|move: Pursuit
|cant|p2: Sexbreon|slp
|switch|p1a: TEAL6|Skarmory, M|148\/333
|
|-heal|p1a: TEAL6|168\/333|[from] item: Leftovers
|-heal|p2a: Sexbreon|367\/393 slp|[from] item: Leftovers
|upkeep
|turn|131
|L|W4 JayKode
|choice|move whirlwind|move charm
|
|-curestatus|p2a: Sexbreon|slp|[msg]
|move|p2a: Sexbreon|Charm|p1a: TEAL6
|-unboost|p1a: TEAL6|atk|2
|move|p1a: TEAL6|Whirlwind|p2a: Sexbreon
|drag|p2a: Marosex|Marowak, M|243\/323
|-damage|p2a: Marosex|203\/323|[from] Spikes
|
|-heal|p1a: TEAL6|188\/333|[from] item: Leftovers
|upkeep
|turn|132
|choice|move whirlwind|move rockslide
|
|move|p2a: Marosex|Rock Slide|p1a: TEAL6
|-damage|p1a: TEAL6|109\/333
|move|p1a: TEAL6|Whirlwind|p2a: Marosex
|drag|p2a: Sexbreon|Umbreon, M|367\/393
|-damage|p2a: Sexbreon|318\/393|[from] Spikes
|
|-heal|p1a: TEAL6|129\/333|[from] item: Leftovers
|-heal|p2a: Sexbreon|342\/393|[from] item: Leftovers
|upkeep
|turn|133
|L|bootbootbootboot
|L|Flopperich
|choice|move curse|move charm
|
|move|p1a: TEAL6|Curse|p1a: TEAL6
|-unboost|p1a: TEAL6|spe|1
|-boost|p1a: TEAL6|atk|1
|-boost|p1a: TEAL6|def|1
|move|p2a: Sexbreon|Charm|p1a: TEAL6
|-unboost|p1a: TEAL6|atk|2
|
|-heal|p2a: Sexbreon|366\/393|[from] item: Leftovers
|-heal|p1a: TEAL6|149\/333|[from] item: Leftovers
|upkeep
|turn|134
|choice|move whirlwind|move pursuit
|
|move|p2a: Sexbreon|Pursuit|p1a: TEAL6
|-resisted|p1a: TEAL6
|-damage|p1a: TEAL6|128\/333
|move|p1a: TEAL6|Whirlwind|p2a: Sexbreon
|drag|p2a: uber|Snorlax, M|373\/523
|-damage|p2a: uber|308\/523|[from] Spikes
|
|-heal|p2a: uber|340\/523|[from] item: Leftovers
|-heal|p1a: TEAL6|148\/333|[from] item: Leftovers
|upkeep
|turn|135
|L|Malekith
|choice|switch 6|switch 4
|
|switch|p2a: Sexmie|Starmie|303\/323
|-damage|p2a: Sexmie|263\/323|[from] Spikes
|switch|p1a: KYLE ZAMROCK|Suicune|403\/403 slp
|
|-heal|p2a: Sexmie|283\/323|[from] item: Leftovers
|upkeep
|turn|136
|J|Genesis7
|choice|switch 2|move rapidspin
|
|switch|p1a: NJN:P|Misdreavus, M|323\/323
|move|p2a: Sexmie|Rapid Spin|p1a: NJN:P
|-immune|p1a: NJN:P|[msg]
|
|-heal|p2a: Sexmie|303\/323|[from] item: Leftovers
|upkeep
|turn|137
|choice|move thunder|switch 3
|
|switch|p2a: Sexbreon|Umbreon, M|366\/393
|-damage|p2a: Sexbreon|317\/393|[from] Spikes
|move|p1a: NJN:P|Thunder|p2a: Sexbreon|[miss]
|-miss|p1a: NJN:P|p2a: Sexbreon
|
|-heal|p2a: Sexbreon|341\/393|[from] item: Leftovers
|upkeep
|turn|138
|J|iGLACK
|choice|switch 6|move pursuit
|
|-activate|p1a: NJN:P|move: Pursuit
|move|p2a: Sexbreon|Pursuit|p1a: NJN:P|[from]Pursuit
|-supereffective|p1a: NJN:P
|-damage|p1a: NJN:P|171\/323
|switch|p1a: TEAL6|Skarmory, M|148\/333
|
|-heal|p1a: TEAL6|168\/333|[from] item: Leftovers
|-heal|p2a: Sexbreon|365\/393|[from] item: Leftovers
|upkeep
|turn|139
|choice|move curse|move charm
|
|move|p1a: TEAL6|Curse|p1a: TEAL6
|-unboost|p1a: TEAL6|spe|1
|-boost|p1a: TEAL6|atk|1
|-boost|p1a: TEAL6|def|1
|move|p2a: Sexbreon|Charm|p1a: TEAL6
|-unboost|p1a: TEAL6|atk|2
|
|-heal|p2a: Sexbreon|389\/393|[from] item: Leftovers
|-heal|p1a: TEAL6|188\/333|[from] item: Leftovers
|upkeep
|turn|140
|choice|move whirlwind|move charm
|
|move|p2a: Sexbreon|Charm|p1a: TEAL6
|-unboost|p1a: TEAL6|atk|2
|move|p1a: TEAL6|Whirlwind|p2a: Sexbreon
|drag|p2a: uber|Snorlax, M|340\/523
|-damage|p2a: uber|275\/523|[from] Spikes
|
|-heal|p2a: uber|307\/523|[from] item: Leftovers
|-heal|p1a: TEAL6|208\/333|[from] item: Leftovers
|upkeep
|turn|141
|J|Toupip
|L|hyogafodex
|L|Toupip
|J|Toupip
|choice|switch 3|move fireblast
|
|switch|p1a: THE KING VAL|Snorlax, M|504\/523
|move|p2a: uber|Fire Blast|p1a: THE KING VAL
|-damage|p1a: THE KING VAL|433\/523
|-status|p1a: THE KING VAL|brn
|
|-heal|p1a: THE KING VAL|465\/523 brn|[from] item: Leftovers
|-heal|p2a: uber|339\/523|[from] item: Leftovers
|upkeep
|turn|142
|J|chakra ×.×
|choice|move toxic|switch 3
|
|switch|p2a: Sexmie|Starmie|303\/323
|-damage|p2a: Sexmie|263\/323|[from] Spikes
|move|p1a: THE KING VAL|Toxic|p2a: Sexmie
|-status|p2a: Sexmie|tox
|-damage|p1a: THE KING VAL|400\/523 brn|[from] brn|[of] p2a: Sexmie
|
|-heal|p2a: Sexmie|283\/323 tox|[from] item: Leftovers
|-heal|p1a: THE KING VAL|432\/523 brn|[from] item: Leftovers
|upkeep
|turn|143
|L|chakra ×.×
|choice|switch 6|switch 4
|
|switch|p2a: Sexbreon|Umbreon, M|389\/393
|-damage|p2a: Sexbreon|340\/393|[from] Spikes
|switch|p1a: NJN:P|Misdreavus, M|171\/323
|
|-heal|p1a: NJN:P|191\/323|[from] item: Leftovers
|-heal|p2a: Sexbreon|364\/393|[from] item: Leftovers
|upkeep
|turn|144
|choice|switch 3|move pursuit
|
|-activate|p1a: NJN:P|move: Pursuit
|move|p2a: Sexbreon|Pursuit|p1a: NJN:P|[from]Pursuit
|-supereffective|p1a: NJN:P
|-damage|p1a: NJN:P|43\/323
|switch|p1a: TEAL6|Skarmory, M|208\/333
|
|-heal|p1a: TEAL6|228\/333|[from] item: Leftovers
|-heal|p2a: Sexbreon|388\/393|[from] item: Leftovers
|upkeep
|turn|145
|J|Eien
|choice|move whirlwind|move charm
|
|move|p2a: Sexbreon|Charm|p1a: TEAL6
|-unboost|p1a: TEAL6|atk|2
|move|p1a: TEAL6|Whirlwind|p2a: Sexbreon
|drag|p2a: Marosex|Marowak, M|203\/323
|-damage|p2a: Marosex|163\/323|[from] Spikes
|
|-heal|p1a: TEAL6|248\/333|[from] item: Leftovers
|upkeep
|turn|146
|J|Flopperich
|L|blunderr
|choice|move curse|switch 6
|
|switch|p2a: Sexbreon|Umbreon, M|388\/393
|-damage|p2a: Sexbreon|339\/393|[from] Spikes
|move|p1a: TEAL6|Curse|p1a: TEAL6
|-unboost|p1a: TEAL6|spe|1
|-boost|p1a: TEAL6|atk|1
|-boost|p1a: TEAL6|def|1
|
|-heal|p2a: Sexbreon|363\/393|[from] item: Leftovers
|-heal|p1a: TEAL6|268\/333|[from] item: Leftovers
|upkeep
|turn|147
|L|Flopperich
|J|blunderr
|L|Toupip
|choice|move whirlwind|move charm
|
|move|p2a: Sexbreon|Charm|p1a: TEAL6
|-unboost|p1a: TEAL6|atk|2
|move|p1a: TEAL6|Whirlwind|p2a: Sexbreon
|drag|p2a: Sexmie|Starmie|283\/323 tox
|-status|p2a: Sexmie|psn
|-damage|p2a: Sexmie|243\/323 psn|[from] Spikes
|
|-heal|p2a: Sexmie|263\/323 psn|[from] item: Leftovers
|-heal|p1a: TEAL6|288\/333|[from] item: Leftovers
|upkeep
|turn|148
|J|Jayde
|choice|switch 3|move surf
|
|switch|p1a: NJN:P|Misdreavus, M|43\/323
|move|p2a: Sexmie|Surf|p1a: NJN:P
|-damage|p1a: NJN:P|0 fnt
|faint|p1a: NJN:P
|J|GOAO
|L|GOAO
|choice|switch 5|
|
|switch|p1a: POEK :D|Raikou|383\/383 tox
|-status|p1a: POEK :D|psn
|
|-heal|p2a: Sexmie|283\/323 psn|[from] item: Leftovers
|upkeep
|turn|149
|L|Genesis7
|J|W4 JayKode
|L|Evann
|J|GOAO
|J|The_Chaser
|J|ETERNAL SPIRIT☽
|choice|move roar|move rapidspin
|
|move|p2a: Sexmie|Rapid Spin|p1a: POEK :D
|-damage|p1a: POEK :D|367\/383 psn
|-sideend|p2: Mr.E|Spikes|[from] move: Rapid Spin|[of] p2a: Sexmie
|-damage|p2a: Sexmie|243\/323 psn|[from] psn|[of] p1a: POEK :D
|move|p1a: POEK :D|Roar|p2a: Sexmie
|drag|p2a: Sexbreon|Umbreon, M|363\/393
|-damage|p1a: POEK :D|320\/383 psn|[from] psn|[of] p2: Sexmie
|
|-heal|p1a: POEK :D|343\/383 psn|[from] item: Leftovers
|-heal|p2a: Sexbreon|387\/393|[from] item: Leftovers
|upkeep
|turn|150
|L|GOAO
|c|★KA$H MONEY KEV|**alas**
|J|the412gang
|J|obii ☁
|J|TR34SUR3
|J|lmz swaddi
|J|w4 rey
|c|★KA$H MONEY KEV|**lucky n bad is a fine combination**
|J|Flopperich
|c|★KA$H MONEY KEV|**gg sir**
|-message|KA$H MONEY KEV forfeited.
|
|win|Mr.E
|player|p1
|player|p2
|L|KA$H MONEY KEV
|L|nedor
|L|SOULWIND❄
|L|LKJ56
|L|Luigi
|L|Ciele
|L|reyscarface
|L|Hector Hard Mode
|L|Omfuga
|L|jvl101993
|L|lmz swaddi
|L|TDK
|L|Mizuhime
|L|flcl
|L|Jayde
|L|soulgazer
|L|Zamrock
|L|the cruel thesis
|L|hero️
|L|gtr2
|L|Eien
|L|Flopperich
|L|kratosmana
|L|iGLACK
|L|trc
|L|Blinkboy
|L|LUCK>SKILL
|L|ABR
|L|poek97 ❄
|J|Eien
|L|Esteemed User
|L|Prague Kick
|L|ULT True Love
|L|Isa
|L|Advantage
|L|NJNP➏神
|J|Evann
|L|Eien
|L|contorted lies
|L|paper dreams
|L|miltankmilk
|L|Akashic Rain
|L|habajiga
|L|Hikari
|J|habajiga
|L|OP
|L|boudouche
|L|mental homicide
|L|W4 JayKode
|L|the412gang
|L|iloveleague
|L|craing
|L|skup
|L|garythegengar
|L|We Three Kings
|L|obii ☁
|L|ETERNAL SPIRIT☽
|L|teal6
|L|Thao EBBASTA
|L|Derk ◕‿◕
|L|marrano
|L|Century Express
|L|Tom Bus
|L|Duck Chris
|L|ZoroDark
|L|Syl♥ie Lyyneheym
|L|p2
|L|Pohjis
|L|BLINGAS
|L|Mr. Miner
|L|MRVS
|L|TSR
|L|Peasounay
|J|Esteemed User
|J|Century Express
|L|Century Express
|L|Rewer
|L|bugzinator RC
|L|Enki
|L|habajiga
|L|McMeghan
|L|choolio iglesias
|L|Cicada ★
|L|noveliss
|L|Diegolh
|L|Christo
|L|nubskrub
|J|Tokyo Tom
|L|shinyspam☭
|L|Evann
|L|Vileman
|L|Choa's Lover
|L|hogg
|L|Memoric
|L|lighthouses
|L|5-star status
|L|Gunner Rohan
|L|Mr.E
|L|MERU
|L|Hootie
|L|NightFoxx.
|L|Esteemed User
|L|im so blue
|L|kwklwon
|L|Funkasaurus
|L|february stars
|L|w4 rey
|L|hairy toenail
|L|BlueSkiddoWeCanToo
|L|ReshiRampage
|L|Vubon
|J|im so blue
|L|im so blue
|L|JACOB
|L|starmaster
|L|TR34SUR3</script>
</div>
<div class="battle-log battle-log-inline"><div class="inner"><div class="battle-options"></div><div class="inner"><div class="chat message-error">Battle timer is ON: inactive players will automatically lose when time's up.</div><div class=""><small>Format:</small> <br><strong>[Gen 2] OU</strong></div><div class=""><small><em>Sleep Clause Mod:</em> Limit one foe put to sleep</small></div><div class=""><small><em>Species Clause:</em> Limit one of each Pokémon</small></div><div class=""><small><em>OHKO Clause:</em> OHKO moves are banned</small></div><div class=""><small><em>Evasion Moves Clause:</em> Evasion moves are banned</small></div><div class=""><small><em>HP Percentage Mod:</em> HP is shown in percentages</small></div><div class="spacer battle-history"><br></div><div class="battle-history">Battle started between KA$H MONEY KEV and Mr.E!<br></div><div class="spacer battle-history"><br></div><div class="battle-history">Go! THE KING VAL (<strong>Snorlax</strong>)!<br></div><div class="spacer battle-history"><br></div><div class="battle-history">Mr.E sent out uber (<strong>Snorlax</strong>)!<br></div><div class="spacer battle-history"><br></div><h2 class="battle-history">Turn 1</h2><div class="chat"><div class="broadcast-red"><b>Moderated chat was set to @!</b><br>Only users of rank @ and higher can talk.</div></div><div class="spacer battle-history"><br></div><div class="battle-history">THE KING VAL used <strong>Double-Edge</strong>!<br></div><div class="battle-history"><small>(The opposing uber lost <abbr title="−207/523">39.6%</abbr> of its health!)</small><br></div><div class="battle-history"><small>THE KING VAL was damaged by the recoil!</small><br></div><div class="spacer battle-history"><br></div><div class="battle-history">The opposing uber used <strong>Curse</strong>!<br></div><div class="battle-history"><small>The opposing uber's Speed fell!</small><br></div><div class="battle-history"><small>The opposing uber's Attack rose!</small><br></div><div class="battle-history"><small>The opposing uber's Defense rose!</small><br></div><div class="spacer battle-history"><br></div><div class="battle-history"><small>THE KING VAL restored a little HP using its Leftovers!</small><br></div><div class="battle-history"><small>The opposing uber restored a little HP using its Leftovers!</small><br></div><div class="spacer battle-history"><br></div><h2 class="battle-history">Turn 2</h2><div class="spacer battle-history"><br></div><div class="battle-history">THE KING VAL, come back!<br></div><div class="battle-history">Go! TEAL6 (<strong>Skarmory</strong>)!<br></div><div class="spacer battle-history"><br></div><div class="battle-history">The opposing uber used <strong>Body Slam</strong>!<br></div><div class="battle-history"><small>It's not very effective...</small><br></div><div class="battle-history"><small>(TEAL6 lost <abbr title="−63/333">18.9%</abbr> of its health!)</small><br></div><div class="battle-history"><small>TEAL6 is paralyzed! It may be unable to move!</small><br></div><div class="spacer battle-history"><br></div><div class="battle-history"><small>The opposing uber restored a little HP using its Leftovers!</small><br></div><div class="battle-history"><small>TEAL6 restored a little HP using its Leftovers!</small><br></div><div class="spacer battle-history"><br></div><h2 class="battle-history">Turn 3</h2><div class="spacer battle-history"><br></div><div class="battle-history">The opposing uber used <strong>Body Slam</strong>!<br></div><div class="battle-history"><small>It's not very effective...</small><br></div><div class="battle-history"><small>(TEAL6 lost <abbr title="−63/333">18.9%</abbr> of its health!)</small><br></div><div class="spacer battle-history"><br></div><div class="battle-history">TEAL6 used <strong>Whirlwind</strong>!<br></div><div class="spacer battle-history"><br></div><div class="battle-history">Sexmie (<strong>Starmie</strong>) was dragged out!<br></div><div class="spacer battle-history"><br></div><div class="battle-history"><small>TEAL6 restored a little HP using its Leftovers!</small><br></div><div class="spacer battle-history"><br></div><h2 class="battle-history">Turn 4</h2><div class="spacer battle-history"><br></div><div class="battle-history">Mr.E withdrew Sexmie!<br></div><div class="battle-history">Mr.E sent out Sexbreon (<strong>Umbreon</strong>)!<br></div><div class="spacer battle-history"><br></div><div class="battle-history">TEAL6, come back!<br></div><div class="battle-history">Go! THE KING VAL (<strong>Snorlax</strong>)!<br></div><div class="spacer battle-history"><br></div><div class="battle-history"><small>THE KING VAL restored a little HP using its Leftovers!</small><br></div><div class="spacer battle-history"><br></div><h2 class="battle-history">Turn 5</h2><div class="spacer battle-history"><br></div><div class="battle-history">The opposing Sexbreon used <strong>Toxic</strong>!<br></div><div class="battle-history"><small>THE KING VAL was badly poisoned!</small><br></div><div class="spacer battle-history"><br></div><div class="battle-history">THE KING VAL used <strong>Double-Edge</strong>!<br></div><div class="battle-history"><small>A critical hit!</small><br></div><div class="battle-history"><small>(The opposing Sexbreon lost <abbr title="−286/393">72.8%</abbr> of its health!)</small><br></div><div class="battle-history"><small>THE KING VAL was damaged by the recoil!</small><br></div><div class="battle-history"><small>THE KING VAL was hurt by poison!</small><br></div><div class="spacer battle-history"><br></div><div class="battle-history"><small>The opposing Sexbreon restored a little HP using its Leftovers!</small><br></div><div class="battle-history"><small>THE KING VAL restored a little HP using its Leftovers!</small><br></div><div class="spacer battle-history"><br></div><h2 class="battle-history">Turn 6</h2><div class="spacer battle-history"><br></div><div class="battle-history">The opposing Sexbreon used <strong>Rest</strong>!<br></div><div class="battle-history"><small>The opposing Sexbreon fell asleep!</small><br></div><div class="battle-history"><small>The opposing Sexbreon slept and became healthy!</small><br></div><div class="spacer battle-history"><br></div><div class="battle-history">THE KING VAL used <strong>Toxic</strong>!<br></div><div class="battle-history"><small>But it failed!</small><br></div><div class="battle-history"><small>THE KING VAL was hurt by poison!</small><br></div><div class="spacer battle-history"><br></div><div class="battle-history"><small>THE KING VAL restored a little HP using its Leftovers!</small><br></div><div class="spacer battle-history"><br></div><h2 class="battle-history">Turn 7</h2><div class="spacer battle-history"><br></div><div class="battle-history">The opposing Sexbreon is fast asleep.<br></div><div class="spacer battle-history"><br></div><div class="battle-history">THE KING VAL used <strong>Double-Edge</strong>!<br></div><div class="battle-history"><small>(The opposing Sexbreon lost <abbr title="−145/393">36.9%</abbr> of its health!)</small><br></div><div class="battle-history"><small>THE KING VAL was damaged by the recoil!</small><br></div><div class="battle-history"><small>THE KING VAL was hurt by poison!</small><br></div><div class="spacer battle-history"><br></div><div class="battle-history"><small>The opposing Sexbreon restored a little HP using its Leftovers!</small><br></div><div class="battle-history"><small>THE KING VAL restored a little HP using its Leftovers!</small><br></div><div class="spacer battle-history"><br></div><h2 class="battle-history">Turn 8</h2><div class="spacer battle-history"><br></div><div class="battle-history">Mr.E withdrew Sexbreon!<br></div><div class="battle-history">Mr.E sent out Sexmory (<strong>Skarmory</strong>)!<br></div><div class="spacer battle-history"><br></div><div class="battle-history">THE KING VAL, come back!<br></div><div class="battle-history">Go! SOULWIN:D (<strong>Forretress</strong>)!<br></div><div class="spacer battle-history"><br></div><h2 class="battle-history">Turn 9</h2><div class="spacer battle-history"><br></div><div class="battle-history">The opposing Sexmory used <strong>Curse</strong>!<br></div><div class="battle-history"><small>The opposing Sexmory's Speed fell!</small><br></div><div class="battle-history"><small>The opposing Sexmory's Attack rose!</small><br></div><div class="battle-history"><small>The opposing Sexmory's Defense rose!</small><br></div><div class="spacer battle-history"><br></div><div class="battle-history">SOULWIN:D used <strong>Spikes</strong>!<br></div><div class="battle-history"><small>Spikes were scattered on the ground all around the opposing team!</small><br></div><div class="spacer battle-history"><br></div><h2 class="battle-history">Turn 10</h2><div class="spacer battle-history"><br></div><div class="battle-history">SOULWIN:D, come back!<br></div><div class="battle-history">Go! POEK :D (<strong>Raikou</strong>)!<br></div><div class="spacer battle-history"><br></div><div class="battle-history">Mr.E withdrew Sexmory!<br></div><div class="battle-history">Mr.E sent out Blissex (<strong>Blissey</strong>)!<br></div><div class="battle-history"><small>The opposing Blissex was hurt by the spikes!</small><br></div><div class="spacer battle-history"><br></div><div class="battle-history"><small>The opposing Blissex restored a little HP using its Leftovers!</small><br></div><div class="spacer battle-history"><br></div><h2 class="battle-history">Turn 11</h2><div class="spacer battle-history"><br></div><div class="battle-history">POEK :D, come back!<br></div><div class="battle-history">Go! THE KING VAL (<strong>Snorlax</strong>)!<br></div><div class="battle-history"><small>THE KING VAL was poisoned!</small><br></div><div class="battle-history"><small>THE KING VAL was hurt by poison!</small><br></div><div class="spacer battle-history"><br></div><div class="battle-history">The opposing Blissex used <strong>Light Screen</strong>!<br></div><div class="battle-history"><small>Light Screen made the opposing team stronger against special moves!</small><br></div><div class="spacer battle-history"><br></div><div class="battle-history"><small>The opposing Blissex restored a little HP using its Leftovers!</small><br></div><div class="battle-history"><small>THE KING VAL restored a little HP using its Leftovers!</small><br></div><div class="spacer battle-history"><br></div><h2 class="battle-history">Turn 12</h2><div class="spacer battle-history"><br></div><div class="battle-history">Mr.E withdrew Blissex!<br></div><div class="battle-history">Mr.E sent out Sexmory (<strong>Skarmory</strong>)!<br></div><div class="spacer battle-history"><br></div><div class="battle-history">THE KING VAL used <strong>Rest</strong>!<br></div><div class="battle-history"><small>THE KING VAL fell asleep!</small><br></div><div class="battle-history"><small>THE KING VAL slept and became healthy!</small><br></div><div class="spacer battle-history"><br></div><h2 class="battle-history">Turn 13</h2><div class="spacer battle-history"><br></div><div class="battle-history">Mr.E withdrew Sexmory!<br></div><div class="battle-history">Mr.E sent out Marosex (<strong>Marowak</strong>)!<br></div><div class="battle-history"><small>The opposing Marosex was hurt by the spikes!</small><br></div><div class="spacer battle-history"><br></div><div class="battle-history">THE KING VAL, come back!<br></div><div class="battle-history">Go! KYLE ZAMROCK (<strong>Suicune</strong>)!<br></div><div class="spacer battle-history"><br></div><h2 class="battle-history">Turn 14</h2><div class="chat chatmessage-kahmoneykev"><strong style="color:#bc1a91"><small>★</small><span class="username" data-name="KA$H MONEY KEV">KA$H MONEY KEV</span>:</strong> <em><b>-</b></em></div><div class="spacer battle-history"><br></div><div class="battle-history">Mr.E withdrew Marosex!<br></div><div class="battle-history">Mr.E sent out Sexmie (<strong>Starmie</strong>)!<br></div><div class="battle-history"><small>The opposing Sexmie was hurt by the spikes!</small><br></div><div class="spacer battle-history"><br></div><div class="battle-history">KYLE ZAMROCK used <strong>Roar</strong>!<br></div><div class="spacer battle-history"><br></div><div class="battle-history">Sexbreon (<strong>Umbreon</strong>) was dragged out!<br></div><div class="battle-history"><small>The opposing Sexbreon was hurt by the spikes!</small><br></div><div class="spacer battle-history"><br></div><div class="battle-history"><small>The opposing Sexbreon restored a little HP using its Leftovers!</small><br></div><div class="spacer battle-history"><br></div><h2 class="battle-history">Turn 15</h2><div class="spacer battle-history"><br></div><div class="battle-history">The opposing Sexbreon is fast asleep.<br></div><div class="spacer battle-history"><br></div><div class="battle-history">KYLE ZAMROCK used <strong>Roar</strong>!<br></div><div class="spacer battle-history"><br></div><div class="battle-history">uber (<strong>Snorlax</strong>) was dragged out!<br></div><div class="battle-history"><small>The opposing uber was hurt by the spikes!</small><br></div><div class="spacer battle-history"><br></div><div class="battle-history"><small>The opposing uber restored a little HP using its Leftovers!</small><br></div><div class="battle-history"><small>The opposing team's Light Screen wore off!</small><br></div><div class="spacer battle-history"><br></div><h2 class="battle-history">Turn 16</h2><div class="spacer battle-history"><br></div><div class="battle-history">KYLE ZAMROCK, come back!<br></div><div class="battle-history">Go! NJN:P (<strong>Misdreavus</strong>)!<br></div><div class="spacer battle-history"><br></div><div class="battle-history">The opposing uber used <strong>Body Slam</strong>!<br></div><div class="battle-history"><small>It doesn't affect NJN:P...</small><br></div><div class="spacer battle-history"><br></div><div class="battle-history"><small>The opposing uber restored a little HP using its Leftovers!</small><br></div><div class="spacer battle-history"><br></div><h2 class="battle-history">Turn 17</h2><div class="spacer battle-history"><br></div><div class="battle-history">Mr.E withdrew uber!<br></div><div class="battle-history">Mr.E sent out Sexbreon (<strong>Umbreon</strong>)!<br></div><div class="battle-history"><small>The opposing Sexbreon was hurt by the spikes!</small><br></div><div class="spacer battle-history"><br></div><div class="battle-history">NJN:P used <strong>Toxic</strong>!<br></div><div class="battle-history"><small>But it failed!</small><br></div><div class="spacer battle-history"><br></div><div class="battle-history"><small>The opposing Sexbreon restored a little HP using its Leftovers!</small><br></div><div class="spacer battle-history"><br></div><h2 class="battle-history">Turn 18</h2><div class="spacer battle-history"><br></div><div class="battle-history"><small>(NJN:P is being withdrawn...)</small><br></div><div class="battle-history"><small>The opposing Sexbreon woke up!</small><br></div><div class="spacer battle-history"><br></div><div class="battle-history">The opposing Sexbreon used <strong>Pursuit</strong>!<br></div><div class="battle-history"><small>It's super effective!</small><br></div><div class="battle-history"><small>(NJN:P lost <abbr title="−167/323">51.7%</abbr> of its health!)</small><br></div><div class="spacer battle-history"><br></div><div class="battle-history">NJN:P, come back!<br></div><div class="battle-history">Go! SOULWIN:D (<strong>Forretress</strong>)!<br></div><div class="spacer battle-history"><br></div><div class="battle-history"><small>The opposing Sexbreon restored a little HP using its Leftovers!</small><br></div><div class="spacer battle-history"><br></div><h2 class="battle-history">Turn 19</h2><div class="spacer battle-history"><br></div><div class="battle-history">The opposing Sexbreon used <strong>Charm</strong>!<br></div><div class="battle-history"><small>SOULWIN:D's Attack fell harshly!</small><br></div><div class="spacer battle-history"><br></div><div class="battle-history">SOULWIN:D used <strong>Toxic</strong>!<br></div><div class="battle-history"><small>The opposing Sexbreon was badly poisoned!</small><br></div><div class="spacer battle-history"><br></div><div class="battle-history"><small>The opposing Sexbreon restored a little HP using its Leftovers!</small><br></div><div class="spacer battle-history"><br></div><h2 class="battle-history">Turn 20</h2><div class="spacer battle-history"><br></div><div class="battle-history">The opposing Sexbreon used <strong>Charm</strong>!<br></div><div class="battle-history"><small>SOULWIN:D's Attack fell harshly!</small><br></div><div class="battle-history"><small>The opposing Sexbreon was hurt by poison!</small><br></div><div class="spacer battle-history"><br></div><div class="battle-history">SOULWIN:D used <strong>Toxic</strong>!<br></div><div class="battle-history"><small>But it failed!</small><br></div><div class="spacer battle-history"><br></div><div class="battle-history"><small>The opposing Sexbreon restored a little HP using its Leftovers!</small><br></div><div class="spacer battle-history"><br></div><h2 class="battle-history">Turn 21</h2><div class="spacer battle-history"><br></div><div class="battle-history">SOULWIN:D, come back!<br></div><div class="battle-history">Go! POEK :D (<strong>Raikou</strong>)!<br></div><div class="spacer battle-history"><br></div><div class="battle-history">The opposing Sexbreon used <strong>Rest</strong>!<br></div><div class="battle-history"><small>The opposing Sexbreon fell asleep!</small><br></div><div class="battle-history"><small>The opposing Sexbreon slept and became healthy!</small><br></div><div class="spacer battle-history"><br></div><h2 class="battle-history">Turn 22</h2><div class="spacer battle-history"><br></div><div class="battle-history">POEK :D used <strong>Reflect</strong>!<br></div><div class="battle-history"><small>Reflect made your team stronger against physical moves!</small><br></div><div class="spacer battle-history"><br></div><div class="battle-history">The opposing Sexbreon is fast asleep.<br></div><div class="spacer battle-history"><br></div><h2 class="battle-history">Turn 23</h2><div class="spacer battle-history"><br></div><div class="battle-history">The opposing Sexbreon is fast asleep.<br></div><div class="spacer battle-history"><br></div><div class="battle-history">POEK :D used <strong>Roar</strong>!<br></div><div class="spacer battle-history"><br></div><div class="battle-history">Sexmory (<strong>Skarmory</strong>) was dragged out!<br></div><div class="spacer battle-history"><br></div><h2 class="battle-history">Turn 24</h2><div class="spacer battle-history"><br></div><div class="battle-history">POEK :D used <strong>Roar</strong>!<br></div><div class="battle-history"><small>But it failed!</small><br></div><div class="spacer battle-history"><br></div><div class="battle-history">The opposing Sexmory used <strong>Whirlwind</strong>!<br></div><div class="spacer battle-history"><br></div><div class="battle-history">KYLE ZAMROCK (<strong>Suicune</strong>) was dragged out!<br></div><div class="spacer battle-history"><br></div><h2 class="battle-history">Turn 25</h2><div class="spacer battle-history"><br></div><div class="battle-history">KYLE ZAMROCK, come back!<br></div><div class="battle-history">Go! TEAL6 (<strong>Skarmory</strong>)!<br></div><div class="spacer battle-history"><br></div><div class="battle-history">The opposing Sexmory used <strong>Whirlwind</strong>!<br></div><div class="spacer battle-history"><br></div><div class="battle-history">NJN:P (<strong>Misdreavus</strong>) was dragged out!<br></div><div class="spacer battle-history"><br></div><div class="battle-history"><small>NJN:P restored a little HP using its Leftovers!</small><br></div><div class="spacer battle-history"><br></div><h2 class="battle-history">Turn 26</h2><div class="spacer battle-history"><br></div><div class="battle-history">NJN:P, come back!<br></div><div class="battle-history">Go! POEK :D (<strong>Raikou</strong>)!<br></div><div class="spacer battle-history"><br></div><div class="battle-history">Mr.E withdrew Sexmory!<br></div><div class="battle-history">Mr.E sent out Blissex (<strong>Blissey</strong>)!<br></div><div class="battle-history"><small>The opposing Blissex was hurt by the spikes!</small><br></div><div class="spacer battle-history"><br></div><div class="battle-history"><small>The opposing Blissex restored a little HP using its Leftovers!</small><br></div><div class="battle-history"><small>Your team's Reflect wore off!</small><br></div><div class="spacer battle-history"><br></div><h2 class="battle-history">Turn 27</h2><div class="spacer battle-history"><br></div><div class="battle-history">POEK :D, come back!<br></div><div class="battle-history">Go! THE KING VAL (<strong>Snorlax</strong>)!<br></div><div class="spacer battle-history"><br></div><div class="battle-history">The opposing Blissex used <strong>Light Screen</strong>!<br></div><div class="battle-history"><small>Light Screen made the opposing team stronger against special moves!</small><br></div><div class="spacer battle-history"><br></div><div class="battle-history"><small>The opposing Blissex restored a little HP using its Leftovers!</small><br></div><div class="spacer battle-history"><br></div><h2 class="battle-history">Turn 28</h2><div class="spacer battle-history"><br></div><div class="battle-history">Mr.E withdrew Blissex!<br></div><div class="battle-history">Mr.E sent out Sexmie (<strong>Starmie</strong>)!<br></div><div class="battle-history"><small>The opposing Sexmie was hurt by the spikes!</small><br></div><div class="spacer battle-history"><br></div><div class="battle-history">THE KING VAL is fast asleep.<br></div><div class="spacer battle-history"><br></div><div class="battle-history"><small>The opposing Sexmie restored a little HP using its Leftovers!</small><br></div><div class="spacer battle-history"><br></div><h2 class="battle-history">Turn 29</h2><div class="spacer battle-history"><br></div><div class="battle-history">The opposing Sexmie used <strong>Surf</strong>!<br></div><div class="battle-history"><small>A critical hit!</small><br></div><div class="battle-history"><small>(THE KING VAL lost <abbr title="−207/523">39.6%</abbr> of its health!)</small><br></div><div class="spacer battle-history"><br></div><div class="battle-history">THE KING VAL is fast asleep.<br></div><div class="spacer battle-history"><br></div><div class="battle-history"><small>The opposing Sexmie restored a little HP using its Leftovers!</small><br></div><div class="battle-history"><small>THE KING VAL restored a little HP using its Leftovers!</small><br></div><div class="spacer battle-history"><br></div><h2 class="battle-history">Turn 30</h2><div class="spacer battle-history"><br></div><div class="battle-history">The opposing Sexmie used <strong>Rapid Spin</strong>!<br></div><div class="battle-history"><small>(THE KING VAL lost <abbr title="−17/523">3.3%</abbr> of its health!)</small><br></div><div class="battle-history"><small>The spikes disappeared from the ground around the opposing team!</small><br></div><div class="battle-history"><small>THE KING VAL woke up!</small><br></div><div class="spacer battle-history"><br></div><div class="battle-history">THE KING VAL used <strong>Toxic</strong>!<br></div><div class="battle-history"><small>The opposing Sexmie was badly poisoned!</small><br></div><div class="spacer battle-history"><br></div><div class="battle-history"><small>The opposing Sexmie restored a little HP using its Leftovers!</small><br></div><div class="battle-history"><small>THE KING VAL restored a little HP using its Leftovers!</small><br></div><div class="spacer battle-history"><br></div><h2 class="battle-history">Turn 31</h2><div class="spacer battle-history"><br></div><div class="battle-history">Mr.E withdrew Sexmie!<br></div><div class="battle-history">Mr.E sent out Sexmory (<strong>Skarmory</strong>)!<br></div><div class="spacer battle-history"><br></div><div class="battle-history">THE KING VAL used <strong>Double-Edge</strong>!<br></div><div class="battle-history"><small>It's not very effective...</small><br></div><div class="battle-history"><small>(The opposing Sexmory lost <abbr title="−60/333">18.0%</abbr> of its health!)</small><br></div><div class="battle-history"><small>THE KING VAL was damaged by the recoil!</small><br></div><div class="spacer battle-history"><br></div><div class="battle-history"><small>The opposing Sexmory restored a little HP using its Leftovers!</small><br></div><div class="battle-history"><small>THE KING VAL restored a little HP using its Leftovers!</small><br></div><div class="battle-history"><small>The opposing team's Light Screen wore off!</small><br></div><div class="spacer battle-history"><br></div><h2 class="battle-history">Turn 32</h2><div class="spacer battle-history"><br></div><div class="battle-history">Mr.E withdrew Sexmory!<br></div><div class="battle-history">Mr.E sent out uber (<strong>Snorlax</strong>)!<br></div><div class="spacer battle-history"><br></div><div class="battle-history">THE KING VAL, come back!<br></div><div class="battle-history">Go! SOULWIN:D (<strong>Forretress</strong>)!<br></div><div class="spacer battle-history"><br></div><div class="battle-history"><small>The opposing uber restored a little HP using its Leftovers!</small><br></div><div class="spacer battle-history"><br></div><h2 class="battle-history">Turn 33</h2><div class="spacer battle-history"><br></div><div class="battle-history">SOULWIN:D used <strong>Spikes</strong>!<br></div><div class="battle-history"><small>Spikes were scattered on the ground all around the opposing team!</small><br></div><div class="spacer battle-history"><br></div><div class="battle-history">The opposing uber used <strong>Fire Blast</strong>!<br></div><div class="battle-history"><small>It's super effective!</small><br></div><div class="battle-history"><small>(SOULWIN:D lost <abbr title="−353/353">100%</abbr> of its health!)</small><br></div><div class="spacer battle-history"><br></div><div class="battle-history">SOULWIN:D fainted!<br></div><div class="spacer battle-history"><br></div><div class="battle-history">Go! NJN:P (<strong>Misdreavus</strong>)!<br></div><div class="spacer battle-history"><br></div><div class="battle-history"><small>NJN:P restored a little HP using its Leftovers!</small><br></div><div class="battle-history"><small>The opposing uber restored a little HP using its Leftovers!</small><br></div><div class="spacer battle-history"><br></div><h2 class="battle-history">Turn 34</h2><div class="spacer battle-history"><br></div><div class="battle-history">Mr.E withdrew uber!<br></div><div class="battle-history">Mr.E sent out Sexbreon (<strong>Umbreon</strong>)!<br></div><div class="battle-history"><small>The opposing Sexbreon was hurt by the spikes!</small><br></div><div class="spacer battle-history"><br></div><div class="battle-history">NJN:P used <strong>Pain Split</strong>!<br></div><div class="battle-history"><small>The battlers shared their pain!</small><br></div><div class="spacer battle-history"><br></div><div class="battle-history"><small>NJN:P restored a little HP using its Leftovers!</small><br></div><div class="battle-history"><small>The opposing Sexbreon restored a little HP using its Leftovers!</small><br></div><div class="spacer battle-history"><br></div><h2 class="battle-history">Turn 35</h2><div class="spacer battle-history"><br></div><div class="battle-history">NJN:P used <strong>Confuse Ray</strong>!<br></div><div class="battle-history"><small>The opposing Sexbreon became confused!</small><br></div><div class="battle-history"><small>The opposing Sexbreon woke up!</small><br></div><div class="spacer battle-history"><br></div><div class="battle-history"><small>The opposing Sexbreon is confused!</small><br></div><div class="battle-history">The opposing Sexbreon used <strong>Pursuit</strong>!<br></div><div class="battle-history"><small>It's super effective!</small><br></div><div class="battle-history"><small>(NJN:P lost <abbr title="−85/323">26.3%</abbr> of its health!)</small><br></div><div class="spacer battle-history"><br></div><div class="battle-history"><small>NJN:P restored a little HP using its Leftovers!</small><br></div><div class="battle-history"><small>The opposing Sexbreon restored a little HP using its Leftovers!</small><br></div><div class="spacer battle-history"><br></div><h2 class="battle-history">Turn 36</h2><div class="spacer battle-history"><br></div><div class="battle-history">NJN:P used <strong>Toxic</strong>!<br></div><div class="battle-history"><small>The opposing Sexbreon was badly poisoned!</small><br></div><div class="spacer battle-history"><br></div><div class="battle-history"><small>The opposing Sexbreon is confused!</small><br></div><div class="battle-history">It hurt itself in its confusion!<br></div><div class="battle-history"><small>The opposing Sexbreon was hurt by poison!</small><br></div><div class="spacer battle-history"><br></div><div class="battle-history"><small>NJN:P restored a little HP using its Leftovers!</small><br></div><div class="battle-history"><small>The opposing Sexbreon restored a little HP using its Leftovers!</small><br></div><div class="spacer battle-history"><br></div><h2 class="battle-history">Turn 37</h2><div class="spacer battle-history"><br></div><div class="battle-history">NJN:P used <strong>Pain Split</strong>!<br></div><div class="battle-history"><small>The battlers shared their pain!</small><br></div><div class="spacer battle-history"><br></div><div class="battle-history"><small>The opposing Sexbreon is confused!</small><br></div><div class="battle-history">It hurt itself in its confusion!<br></div><div class="battle-history"><small>The opposing Sexbreon was hurt by poison!</small><br></div><div class="spacer battle-history"><br></div><div class="battle-history"><small>NJN:P restored a little HP using its Leftovers!</small><br></div><div class="battle-history"><small>The opposing Sexbreon restored a little HP using its Leftovers!</small><br></div><div class="spacer battle-history"><br></div><h2 class="battle-history">Turn 38</h2><div class="spacer battle-history"><br></div><div class="battle-history">NJN:P, come back!<br></div><div class="battle-history">Go! THE KING VAL (<strong>Snorlax</strong>)!<br></div><div class="battle-history"><small>The opposing Sexbreon snapped out of its confusion!</small><br></div><div class="spacer battle-history"><br></div><div class="battle-history">The opposing Sexbreon used <strong>Rest</strong>!<br></div><div class="battle-history"><small>The opposing Sexbreon fell asleep!</small><br></div><div class="battle-history"><small>The opposing Sexbreon slept and became healthy!</small><br></div><div class="spacer battle-history"><br></div><div class="battle-history"><small>THE KING VAL restored a little HP using its Leftovers!</small><br></div><div class="spacer battle-history"><br></div><h2 class="battle-history">Turn 39</h2><div class="spacer battle-history"><br></div><div class="battle-history">THE KING VAL, come back!<br></div><div class="battle-history">Go! POEK :D (<strong>Raikou</strong>)!<br></div><div class="spacer battle-history"><br></div><div class="battle-history">The opposing Sexbreon is fast asleep.<br></div><div class="spacer battle-history"><br></div><h2 class="battle-history">Turn 40</h2><div class="spacer battle-history"><br></div><div class="battle-history">The opposing Sexbreon is fast asleep.<br></div><div class="spacer battle-history"><br></div><div class="battle-history">POEK :D used <strong>Roar</strong>!<br></div><div class="spacer battle-history"><br></div><div class="battle-history">uber (<strong>Snorlax</strong>) was dragged out!<br></div><div class="battle-history"><small>The opposing uber was hurt by the spikes!</small><br></div><div class="spacer battle-history"><br></div><div class="battle-history"><small>The opposing uber restored a little HP using its Leftovers!</small><br></div><div class="spacer battle-history"><br></div><h2 class="battle-history">Turn 41</h2><div class="spacer battle-history"><br></div><div class="battle-history">The opposing uber used <strong>Curse</strong>!<br></div><div class="battle-history"><small>The opposing uber's Speed fell!</small><br></div><div class="battle-history"><small>The opposing uber's Attack rose!</small><br></div><div class="battle-history"><small>The opposing uber's Defense rose!</small><br></div><div class="spacer battle-history"><br></div><div class="battle-history">POEK :D used <strong>Roar</strong>!<br></div><div class="spacer battle-history"><br></div><div class="battle-history">Marosex (<strong>Marowak</strong>) was dragged out!<br></div><div class="battle-history"><small>The opposing Marosex was hurt by the spikes!</small><br></div><div class="spacer battle-history"><br></div><h2 class="battle-history">Turn 42</h2><div class="spacer battle-history"><br></div><div class="battle-history">POEK :D, come back!<br></div><div class="battle-history">Go! TEAL6 (<strong>Skarmory</strong>)!<br></div><div class="spacer battle-history"><br></div><div class="battle-history">Mr.E withdrew Marosex!<br></div><div class="battle-history">Mr.E sent out Sexmie (<strong>Starmie</strong>)!<br></div><div class="battle-history"><small>The opposing Sexmie was poisoned!</small><br></div><div class="battle-history"><small>The opposing Sexmie was hurt by the spikes!</small><br></div><div class="battle-history"><small>The opposing Sexmie was hurt by poison!</small><br></div><div class="spacer battle-history"><br></div><div class="battle-history"><small>The opposing Sexmie restored a little HP using its Leftovers!</small><br></div><div class="battle-history"><small>TEAL6 restored a little HP using its Leftovers!</small><br></div><div class="spacer battle-history"><br></div><h2 class="battle-history">Turn 43</h2><div class="spacer battle-history"><br></div><div class="battle-history">TEAL6, come back!<br></div><div class="battle-history">Go! NJN:P (<strong>Misdreavus</strong>)!<br></div><div class="spacer battle-history"><br></div><div class="battle-history">The opposing Sexmie used <strong>Rapid Spin</strong>!<br></div><div class="battle-history"><small>It doesn't affect NJN:P...</small><br></div><div class="battle-history"><small>The opposing Sexmie was hurt by poison!</small><br></div><div class="spacer battle-history"><br></div><div class="battle-history"><small>The opposing Sexmie restored a little HP using its Leftovers!</small><br></div><div class="battle-history"><small>NJN:P restored a little HP using its Leftovers!</small><br></div><div class="spacer battle-history"><br></div><h2 class="battle-history">Turn 44</h2><div class="spacer battle-history"><br></div><div class="battle-history">The opposing Sexmie used <strong>Surf</strong>!<br></div><div class="battle-history"><small>(NJN:P lost <abbr title="−120/323">37.2%</abbr> of its health!)</small><br></div><div class="battle-history"><small>The opposing Sexmie was hurt by poison!</small><br></div><div class="spacer battle-history"><br></div><div class="battle-history">NJN:P used <strong>Confuse Ray</strong>!<br></div><div class="battle-history"><small>The opposing Sexmie became confused!</small><br></div><div class="spacer battle-history"><br></div><div class="battle-history"><small>The opposing Sexmie restored a little HP using its Leftovers!</small><br></div><div class="battle-history"><small>NJN:P restored a little HP using its Leftovers!</small><br></div><div class="spacer battle-history"><br></div><h2 class="battle-history">Turn 45</h2><div class="spacer battle-history"><br></div><div class="battle-history"><small>The opposing Sexmie is confused!</small><br></div><div class="battle-history">It hurt itself in its confusion!<br></div><div class="battle-history"><small>The opposing Sexmie was hurt by poison!</small><br></div><div class="spacer battle-history"><br></div><div class="battle-history">NJN:P used <strong>Thunder</strong>!<br></div><div class="battle-history"><small>The opposing Sexmie avoided the attack!</small><br></div><div class="spacer battle-history"><br></div><div class="battle-history"><small>The opposing Sexmie restored a little HP using its Leftovers!</small><br></div><div class="battle-history"><small>NJN:P restored a little HP using its Leftovers!</small><br></div><div class="spacer battle-history"><br></div><h2 class="battle-history">Turn 46</h2><div class="chat chatmessage-kahmoneykev"><strong style="color:#bc1a91"><small>★</small><span class="username" data-name="KA$H MONEY KEV">KA$H MONEY KEV</span>:</strong> <em><b>haha</b></em></div><div class="spacer battle-history"><br></div><div class="battle-history">Mr.E withdrew Sexmie!<br></div><div class="battle-history">Mr.E sent out Sexbreon (<strong>Umbreon</strong>)!<br></div><div class="battle-history"><small>The opposing Sexbreon was hurt by the spikes!</small><br></div><div class="spacer battle-history"><br></div><div class="battle-history">NJN:P, come back!<br></div><div class="battle-history">Go! TEAL6 (<strong>Skarmory</strong>)!<br></div><div class="spacer battle-history"><br></div><div class="battle-history"><small>The opposing Sexbreon restored a little HP using its Leftovers!</small><br></div><div class="battle-history"><small>TEAL6 restored a little HP using its Leftovers!</small><br></div><div class="spacer battle-history"><br></div><h2 class="battle-history">Turn 47</h2><div class="chat chatmessage-mre"><strong style="color:#bf18a0"><small>★</small><span class="username" data-name="Mr.E">Mr.E</span>:</strong> <em>85% &gt; 70% confirmed</em></div><div class="chat chatmessage-kahmoneykev"><strong style="color:#bc1a91"><small>★</small><span class="username" data-name="KA$H MONEY KEV">KA$H MONEY KEV</span>:</strong> <em><b>i dont do math</b></em></div><div class="chat chatmessage-kahmoneykev"><strong style="color:#bc1a91"><small>★</small><span class="username" data-name="KA$H MONEY KEV">KA$H MONEY KEV</span>:</strong> <em><b>but i know ur lucky</b></em></div><div class="chat chatmessage-kahmoneykev"><strong style="color:#bc1a91"><small>★</small><span class="username" data-name="KA$H MONEY KEV">KA$H MONEY KEV</span>:</strong> <em><b>:D</b></em></div><div class="spacer battle-history"><br></div><div class="battle-history">Mr.E withdrew Sexbreon!<br></div><div class="battle-history">Mr.E sent out Sexmie (<strong>Starmie</strong>)!<br></div><div class="battle-history"><small>The opposing Sexmie was hurt by the spikes!</small><br></div><div class="battle-history"><small>The opposing Sexmie was hurt by poison!</small><br></div><div class="spacer battle-history"><br></div><div class="battle-history">TEAL6 is paralyzed! It can't move!<br></div><div class="spacer battle-history"><br></div><div class="battle-history"><small>The opposing Sexmie restored a little HP using its Leftovers!</small><br></div><div class="battle-history"><small>TEAL6 restored a little HP using its Leftovers!</small><br></div><div class="spacer battle-history"><br></div><h2 class="battle-history">Turn 48</h2><div class="chat chatmessage-kahmoneykev"><strong style="color:#bc1a91"><small>★</small><span class="username" data-name="KA$H MONEY KEV">KA$H MONEY KEV</span>:</strong> <em><b>amazing</b></em></div><div class="chat chatmessage-kahmoneykev"><strong style="color:#bc1a91"><small>★</small><span class="username" data-name="KA$H MONEY KEV">KA$H MONEY KEV</span>:</strong> <em><b>phenomenal</b></em></div><div class="spacer battle-history"><br></div><div class="battle-history">TEAL6, come back!<br></div><div class="battle-history">Go! NJN:P (<strong>Misdreavus</strong>)!<br></div><div class="spacer battle-history"><br></div><div class="battle-history">The opposing Sexmie used <strong>Recover</strong>!<br></div><div class="battle-history"><small>The opposing Sexmie had its HP restored.</small><br></div><div class="battle-history"><small>The opposing Sexmie was hurt by poison!</small><br></div><div class="spacer battle-history"><br></div><div class="battle-history"><small>The opposing Sexmie restored a little HP using its Leftovers!</small><br></div><div class="battle-history"><small>NJN:P restored a little HP using its Leftovers!</small><br></div><div class="spacer battle-history"><br></div><h2 class="battle-history">Turn 49</h2><div class="chat chatmessage-mre"><strong style="color:#bf18a0"><small>★</small><span class="username" data-name="Mr.E">Mr.E</span>:</strong> <em><span class="greentext">&gt;confuse ray misdreavus</span></em></div><div class="spacer battle-history"><br></div><div class="battle-history">Mr.E withdrew Sexmie!<br></div><div class="battle-history">Mr.E sent out Sexbreon (<strong>Umbreon</strong>)!<br></div><div class="battle-history"><small>The opposing Sexbreon was hurt by the spikes!</small><br></div><div class="spacer battle-history"><br></div><div class="battle-history">NJN:P used <strong>Confuse Ray</strong>!<br></div><div class="battle-history"><small>The opposing Sexbreon became confused!</small><br></div><div class="spacer battle-history"><br></div><div class="battle-history"><small>NJN:P restored a little HP using its Leftovers!</small><br></div><div class="battle-history"><small>The opposing Sexbreon restored a little HP using its Leftovers!</small><br></div><div class="spacer battle-history"><br></div><h2 class="battle-history">Turn 50</h2><div class="chat chatmessage-kahmoneykev"><strong style="color:#bc1a91"><small>★</small><span class="username" data-name="KA$H MONEY KEV">KA$H MONEY KEV</span>:</strong> <em><b>pray u hit urself</b></em></div><div class="spacer battle-history"><br></div><div class="battle-history">NJN:P, come back!<br></div><div class="battle-history">Go! TEAL6 (<strong>Skarmory</strong>)!<br></div><div class="battle-history"><small>The opposing Sexbreon woke up!</small><br></div><div class="spacer battle-history"><br></div><div class="battle-history"><small>The opposing Sexbreon is confused!</small><br></div><div class="battle-history">The opposing Sexbreon used <strong>Toxic</strong>!<br></div><div class="battle-history"><small>It doesn't affect TEAL6...</small><br></div><div class="spacer battle-history"><br></div><div class="battle-history"><small>The opposing Sexbreon restored a little HP using its Leftovers!</small><br></div><div class="battle-history"><small>TEAL6 restored a little HP using its Leftovers!</small><br></div><div class="spacer battle-history"><br></div><h2 class="battle-history">Turn 51</h2><div class="spacer battle-history"><br></div><div class="battle-history"><small>The opposing Sexbreon snapped out of its confusion!</small><br></div><div class="spacer battle-history"><br></div><div class="battle-history">The opposing Sexbreon used <strong>Charm</strong>!<br></div><div class="battle-history"><small>TEAL6's Attack fell harshly!</small><br></div><div class="spacer battle-history"><br></div><div class="battle-history">TEAL6 is paralyzed! It can't move!<br></div><div class="spacer battle-history"><br></div><div class="battle-history"><small>The opposing Sexbreon restored a little HP using its Leftovers!</small><br></div><div class="battle-history"><small>TEAL6 restored a little HP using its Leftovers!</small><br></div><div class="spacer battle-history"><br></div><h2 class="battle-history">Turn 52</h2><div class="spacer battle-history"><br></div><div class="battle-history">Mr.E withdrew Sexbreon!<br></div><div class="battle-history">Mr.E sent out Sexmory (<strong>Skarmory</strong>)!<br></div><div class="spacer battle-history"><br></div><div class="battle-history">TEAL6 used <strong>Whirlwind</strong>!<br></div><div class="spacer battle-history"><br></div><div class="battle-history">Sexbreon (<strong>Umbreon</strong>) was dragged out!<br></div><div class="battle-history"><small>The opposing Sexbreon was hurt by the spikes!</small><br></div><div class="spacer battle-history"><br></div><div class="battle-history"><small>The opposing Sexbreon restored a little HP using its Leftovers!</small><br></div><div class="spacer battle-history"><br></div><h2 class="battle-history">Turn 53</h2><div class="spacer battle-history"><br></div><div class="battle-history">Mr.E withdrew Sexbreon!<br></div><div class="battle-history">Mr.E sent out Sexmory (<strong>Skarmory</strong>)!<br></div><div class="spacer battle-history"><br></div><div class="battle-history">TEAL6 is paralyzed! It can't move!<br></div><div class="spacer battle-history"><br></div><div class="battle-history"><small>The opposing Sexmory restored a little HP using its Leftovers!</small><br></div><div class="spacer battle-history"><br></div><h2 class="battle-history">Turn 54</h2><div class="spacer battle-history"><br></div><div class="battle-history">The opposing Sexmory used <strong>Whirlwind</strong>!<br></div><div class="battle-history"><small>But it failed!</small><br></div><div class="spacer battle-history"><br></div><div class="battle-history">TEAL6 used <strong>Whirlwind</strong>!<br></div><div class="spacer battle-history"><br></div><div class="battle-history">Marosex (<strong>Marowak</strong>) was dragged out!<br></div><div class="battle-history"><small>The opposing Marosex was hurt by the spikes!</small><br></div><div class="spacer battle-history"><br></div><h2 class="battle-history">Turn 55</h2><div class="spacer battle-history"><br></div><div class="battle-history">The opposing Marosex used <strong>Rest</strong>!<br></div><div class="battle-history"><small>The opposing Marosex fell asleep!</small><br></div><div class="battle-history"><small>The opposing Marosex slept and became healthy!</small><br></div><div class="spacer battle-history"><br></div><div class="battle-history">TEAL6 used <strong>Whirlwind</strong>!<br></div><div class="spacer battle-history"><br></div><div class="battle-history">uber (<strong>Snorlax</strong>) was dragged out!<br></div><div class="battle-history"><small>The opposing uber was hurt by the spikes!</small><br></div><div class="spacer battle-history"><br></div><div class="battle-history"><small>The opposing uber restored a little HP using its Leftovers!</small><br></div><div class="spacer battle-history"><br></div><h2 class="battle-history">Turn 56</h2><div class="spacer battle-history"><br></div><div class="battle-history">Mr.E withdrew uber!<br></div><div class="battle-history">Mr.E sent out Sexbreon (<strong>Umbreon</strong>)!<br></div><div class="battle-history"><small>The opposing Sexbreon was hurt by the spikes!</small><br></div><div class="spacer battle-history"><br></div><div class="battle-history">TEAL6, come back!<br></div><div class="battle-history">Go! KYLE ZAMROCK (<strong>Suicune</strong>)!<br></div><div class="spacer battle-history"><br></div><div class="battle-history"><small>The opposing Sexbreon restored a little HP using its Leftovers!</small><br></div><div class="spacer battle-history"><br></div><h2 class="battle-history">Turn 57</h2><div class="spacer battle-history"><br></div><div class="battle-history">KYLE ZAMROCK, come back!<br></div><div class="battle-history">Go! TEAL6 (<strong>Skarmory</strong>)!<br></div><div class="spacer battle-history"><br></div><div class="battle-history">Mr.E withdrew Sexbreon!<br></div><div class="battle-history">Mr.E sent out Sexmie (<strong>Starmie</strong>)!<br></div><div class="battle-history"><small>The opposing Sexmie was hurt by the spikes!</small><br></div><div class="battle-history"><small>The opposing Sexmie was hurt by poison!</small><br></div><div class="spacer battle-history"><br></div><div class="battle-history"><small>The opposing Sexmie restored a little HP using its Leftovers!</small><br></div><div class="spacer battle-history"><br></div><h2 class="battle-history">Turn 58</h2><div class="spacer battle-history"><br></div><div class="battle-history">TEAL6, come back!<br></div><div class="battle-history">Go! NJN:P (<strong>Misdreavus</strong>)!<br></div><div class="spacer battle-history"><br></div><div class="battle-history">The opposing Sexmie used <strong>Recover</strong>!<br></div><div class="battle-history"><small>The opposing Sexmie had its HP restored.</small><br></div><div class="battle-history"><small>The opposing Sexmie was hurt by poison!</small><br></div><div class="spacer battle-history"><br></div><div class="battle-history"><small>The opposing Sexmie restored a little HP using its Leftovers!</small><br></div><div class="battle-history"><small>NJN:P restored a little HP using its Leftovers!</small><br></div><div class="spacer battle-history"><br></div><h2 class="battle-history">Turn 59</h2><div class="spacer battle-history"><br></div><div class="battle-history">The opposing Sexmie used <strong>Rapid Spin</strong>!<br></div><div class="battle-history"><small>It doesn't affect NJN:P...</small><br></div><div class="battle-history"><small>The opposing Sexmie was hurt by poison!</small><br></div><div class="spacer battle-history"><br></div><div class="battle-history">NJN:P used <strong>Confuse Ray</strong>!<br></div><div class="battle-history"><small>The opposing Sexmie became confused!</small><br></div><div class="spacer battle-history"><br></div><div class="battle-history"><small>The opposing Sexmie restored a little HP using its Leftovers!</small><br></div><div class="battle-history"><small>NJN:P restored a little HP using its Leftovers!</small><br></div><div class="spacer battle-history"><br></div><h2 class="battle-history">Turn 60</h2><div class="chat chatmessage-kahmoneykev"><strong style="color:#bc1a91"><small>★</small><span class="username" data-name="KA$H MONEY KEV">KA$H MONEY KEV</span>:</strong> <em><b>water u doing</b></em></div><div class="spacer battle-history"><br></div><div class="battle-history"><small>The opposing Sexmie is confused!</small><br></div><div class="battle-history">The opposing Sexmie used <strong>Rapid Spin</strong>!<br></div><div class="battle-history"><small>It doesn't affect NJN:P...</small><br></div><div class="battle-history"><small>The opposing Sexmie was hurt by poison!</small><br></div><div class="spacer battle-history"><br></div><div class="battle-history">NJN:P used <strong>Thunder</strong>!<br></div><div class="battle-history"><small>It's super effective!</small><br></div><div class="battle-history"><small>(The opposing Sexmie lost <abbr title="−199/323">61.6%</abbr> of its health!)</small><br></div><div class="spacer battle-history"><br></div><div class="battle-history"><small>The opposing Sexmie restored a little HP using its Leftovers!</small><br></div><div class="battle-history"><small>NJN:P restored a little HP using its Leftovers!</small><br></div><div class="spacer battle-history"><br></div><h2 class="battle-history">Turn 61</h2><div class="chat chatmessage-kahmoneykev"><strong style="color:#bc1a91"><small>★</small><span class="username" data-name="KA$H MONEY KEV">KA$H MONEY KEV</span>:</strong> <em><b>u the man bro</b></em></div><div class="chat chatmessage-kahmoneykev"><strong style="color:#bc1a91"><small>★</small><span class="username" data-name="KA$H MONEY KEV">KA$H MONEY KEV</span>:</strong> <em><b>u the MAN</b></em></div><div class="spacer battle-history"><br></div><div class="battle-history">Mr.E withdrew Sexmie!<br></div><div class="battle-history">Mr.E sent out Blissex (<strong>Blissey</strong>)!<br></div><div class="battle-history"><small>The opposing Blissex was hurt by the spikes!</small><br></div><div class="spacer battle-history"><br></div><div class="battle-history">NJN:P used <strong>Thunder</strong>!<br></div><div class="battle-history"><small>The opposing Blissex avoided the attack!</small><br></div><div class="spacer battle-history"><br></div><div class="battle-history"><small>The opposing Blissex restored a little HP using its Leftovers!</small><br></div><div class="spacer battle-history"><br></div><h2 class="battle-history">Turn 62</h2><div class="spacer battle-history"><br></div><div class="battle-history">NJN:P, come back!<br></div><div class="battle-history">Go! THE KING VAL (<strong>Snorlax</strong>)!<br></div><div class="spacer battle-history"><br></div><div class="battle-history">Mr.E withdrew Blissex!<br></div><div class="battle-history">Mr.E sent out Sexbreon (<strong>Umbreon</strong>)!<br></div><div class="battle-history"><small>The opposing Sexbreon was hurt by the spikes!</small><br></div><div class="spacer battle-history"><br></div><div class="battle-history"><small>The opposing Sexbreon restored a little HP using its Leftovers!</small><br></div><div class="battle-history"><small>THE KING VAL restored a little HP using its Leftovers!</small><br></div><div class="spacer battle-history"><br></div><h2 class="battle-history">Turn 63</h2><div class="spacer battle-history"><br></div><div class="battle-history">The opposing Sexbreon used <strong>Charm</strong>!<br></div><div class="battle-history"><small>THE KING VAL's Attack fell harshly!</small><br></div><div class="spacer battle-history"><br></div><div class="battle-history">THE KING VAL used <strong>Toxic</strong>!<br></div><div class="battle-history"><small>The opposing Sexbreon was badly poisoned!</small><br></div><div class="spacer battle-history"><br></div><div class="battle-history"><small>The opposing Sexbreon restored a little HP using its Leftovers!</small><br></div><div class="battle-history"><small>THE KING VAL restored a little HP using its Leftovers!</small><br></div><div class="spacer battle-history"><br></div><h2 class="battle-history">Turn 64</h2><div class="spacer battle-history"><br></div><div class="battle-history">THE KING VAL, come back!<br></div><div class="battle-history">Go! TEAL6 (<strong>Skarmory</strong>)!<br></div><div class="spacer battle-history"><br></div><div class="battle-history">The opposing Sexbreon used <strong>Charm</strong>!<br></div><div class="battle-history"><small>TEAL6's Attack fell harshly!</small><br></div><div class="battle-history"><small>The opposing Sexbreon was hurt by poison!</small><br></div><div class="spacer battle-history"><br></div><div class="battle-history"><small>The opposing Sexbreon restored a little HP using its Leftovers!</small><br></div><div class="spacer battle-history"><br></div><h2 class="battle-history">Turn 65</h2><div class="spacer battle-history"><br></div><div class="battle-history">Mr.E withdrew Sexbreon!<br></div><div class="battle-history">Mr.E sent out Sexmory (<strong>Skarmory</strong>)!<br></div><div class="spacer battle-history"><br></div><div class="battle-history">TEAL6 used <strong>Whirlwind</strong>!<br></div><div class="spacer battle-history"><br></div><div class="battle-history">Sexbreon (<strong>Umbreon</strong>) was dragged out!<br></div><div class="battle-history"><small>The opposing Sexbreon was poisoned!</small><br></div><div class="battle-history"><small>The opposing Sexbreon was hurt by the spikes!</small><br></div><div class="spacer battle-history"><br></div><div class="battle-history"><small>The opposing Sexbreon restored a little HP using its Leftovers!</small><br></div><div class="spacer battle-history"><br></div><h2 class="battle-history">Turn 66</h2><div class="spacer battle-history"><br></div><div class="battle-history">Mr.E withdrew Sexbreon!<br></div><div class="battle-history">Mr.E sent out Sexmory (<strong>Skarmory</strong>)!<br></div><div class="spacer battle-history"><br></div><div class="battle-history">TEAL6 used <strong>Whirlwind</strong>!<br></div><div class="spacer battle-history"><br></div><div class="battle-history">uber (<strong>Snorlax</strong>) was dragged out!<br></div><div class="battle-history"><small>The opposing uber was hurt by the spikes!</small><br></div><div class="spacer battle-history"><br></div><div class="battle-history"><small>The opposing uber restored a little HP using its Leftovers!</small><br></div><div class="spacer battle-history"><br></div><h2 class="battle-history">Turn 67</h2><div class="spacer battle-history"><br></div><div class="battle-history">TEAL6, come back!<br></div><div class="battle-history">Go! KYLE ZAMROCK (<strong>Suicune</strong>)!<br></div><div class="spacer battle-history"><br></div><div class="battle-history">The opposing uber used <strong>Fire Blast</strong>!<br></div><div class="battle-history"><small>It's not very effective...</small><br></div><div class="battle-history"><small>(KYLE ZAMROCK lost <abbr title="−32/403">7.9%</abbr> of its health!)</small><br></div><div class="spacer battle-history"><br></div><div class="battle-history"><small>KYLE ZAMROCK restored a little HP using its Leftovers!</small><br></div><div class="battle-history"><small>The opposing uber restored a little HP using its Leftovers!</small><br></div><div class="spacer battle-history"><br></div><h2 class="battle-history">Turn 68</h2><div class="spacer battle-history"><br></div><div class="battle-history">The opposing uber used <strong>Body Slam</strong>!<br></div><div class="battle-history"><small>(KYLE ZAMROCK lost <abbr title="−102/403">25.3%</abbr> of its health!)</small><br></div><div class="spacer battle-history"><br></div><div class="battle-history">KYLE ZAMROCK used <strong>Roar</strong>!<br></div><div class="spacer battle-history"><br></div><div class="battle-history">Sexmory (<strong>Skarmory</strong>) was dragged out!<br></div><div class="spacer battle-history"><br></div><div class="battle-history"><small>KYLE ZAMROCK restored a little HP using its Leftovers!</small><br></div><div class="battle-history"><small>The opposing Sexmory restored a little HP using its Leftovers!</small><br></div><div class="spacer battle-history"><br></div><h2 class="battle-history">Turn 69</h2><div class="spacer battle-history"><br></div><div class="battle-history">KYLE ZAMROCK, come back!<br></div><div class="battle-history">Go! POEK :D (<strong>Raikou</strong>)!<br></div><div class="spacer battle-history"><br></div><div class="battle-history">Mr.E withdrew Sexmory!<br></div><div class="battle-history">Mr.E sent out Blissex (<strong>Blissey</strong>)!<br></div><div class="battle-history"><small>The opposing Blissex was hurt by the spikes!</small><br></div><div class="spacer battle-history"><br></div><div class="battle-history"><small>The opposing Blissex restored a little HP using its Leftovers!</small><br></div><div class="spacer battle-history"><br></div><h2 class="battle-history">Turn 70</h2><div class="spacer battle-history"><br></div><div class="battle-history">The opposing Blissex used <strong>Heal Bell</strong>!<br></div><div class="battle-history"><small>A bell chimed!</small><br></div><div class="spacer battle-history"><br></div><div class="battle-history">POEK :D used <strong>Roar</strong>!<br></div><div class="spacer battle-history"><br></div><div class="battle-history">Sexbreon (<strong>Umbreon</strong>) was dragged out!<br></div><div class="battle-history"><small>The opposing Sexbreon was hurt by the spikes!</small><br></div><div class="spacer battle-history"><br></div><div class="battle-history"><small>The opposing Sexbreon restored a little HP using its Leftovers!</small><br></div><div class="spacer battle-history"><br></div><h2 class="battle-history">Turn 71</h2><div class="spacer battle-history"><br></div><div class="battle-history">POEK :D, come back!<br></div><div class="battle-history">Go! TEAL6 (<strong>Skarmory</strong>)!<br></div><div class="spacer battle-history"><br></div><div class="battle-history">The opposing Sexbreon used <strong>Toxic</strong>!<br></div><div class="battle-history"><small>It doesn't affect TEAL6...</small><br></div><div class="spacer battle-history"><br></div><div class="battle-history"><small>The opposing Sexbreon restored a little HP using its Leftovers!</small><br></div><div class="spacer battle-history"><br></div><h2 class="battle-history">Turn 72</h2><div class="spacer battle-history"><br></div><div class="battle-history">Mr.E withdrew Sexbreon!<br></div><div class="battle-history">Mr.E sent out Sexmory (<strong>Skarmory</strong>)!<br></div><div class="spacer battle-history"><br></div><div class="battle-history">TEAL6 used <strong>Whirlwind</strong>!<br></div><div class="spacer battle-history"><br></div><div class="battle-history">Blissex (<strong>Blissey</strong>) was dragged out!<br></div><div class="battle-history"><small>The opposing Blissex was hurt by the spikes!</small><br></div><div class="spacer battle-history"><br></div><div class="battle-history"><small>The opposing Blissex restored a little HP using its Leftovers!</small><br></div><div class="spacer battle-history"><br></div><h2 class="battle-history">Turn 73</h2><div class="spacer battle-history"><br></div><div class="battle-history">Mr.E withdrew Blissex!<br></div><div class="battle-history">Mr.E sent out Sexmory (<strong>Skarmory</strong>)!<br></div><div class="spacer battle-history"><br></div><div class="battle-history">TEAL6 used <strong>Whirlwind</strong>!<br></div><div class="spacer battle-history"><br></div><div class="battle-history">Marosex (<strong>Marowak</strong>) was dragged out!<br></div><div class="battle-history"><small>The opposing Marosex was hurt by the spikes!</small><br></div><div class="spacer battle-history"><br></div><h2 class="battle-history">Turn 74</h2><div class="spacer battle-history"><br></div><div class="battle-history">The opposing Marosex used <strong>Swords Dance</strong>!<br></div><div class="battle-history"><small>The opposing Marosex's Attack rose sharply!</small><br></div><div class="spacer battle-history"><br></div><div class="battle-history">TEAL6 is paralyzed! It can't move!<br></div><div class="spacer battle-history"><br></div><h2 class="battle-history">Turn 75</h2><div class="spacer battle-history"><br></div><div class="battle-history">The opposing Marosex used <strong>Rock Slide</strong>!<br></div><div class="battle-history"><small>A critical hit!</small><br></div><div class="battle-history"><small>(TEAL6 lost <abbr title="−314/333">94.3%</abbr> of its health!)</small><br></div><div class="spacer battle-history"><br></div><div class="battle-history">TEAL6 used <strong>Whirlwind</strong>!<br></div><div class="spacer battle-history"><br></div><div class="battle-history">Sexbreon (<strong>Umbreon</strong>) was dragged out!<br></div><div class="battle-history"><small>The opposing Sexbreon was hurt by the spikes!</small><br></div><div class="spacer battle-history"><br></div><div class="battle-history"><small>The opposing Sexbreon restored a little HP using its Leftovers!</small><br></div><div class="battle-history"><small>TEAL6 restored a little HP using its Leftovers!</small><br></div><div class="spacer battle-history"><br></div><h2 class="battle-history">Turn 76</h2><div class="chat chatmessage-kahmoneykev"><strong style="color:#bc1a91"><small>★</small><span class="username" data-name="KA$H MONEY KEV">KA$H MONEY KEV</span>:</strong> <em><b>haha</b></em></div><div class="spacer battle-history"><br></div><div class="battle-history">Mr.E withdrew Sexbreon!<br></div><div class="battle-history">Mr.E sent out Marosex (<strong>Marowak</strong>)!<br></div><div class="battle-history"><small>The opposing Marosex was hurt by the spikes!</small><br></div><div class="spacer battle-history"><br></div><div class="battle-history">TEAL6 used <strong>Whirlwind</strong>!<br></div><div class="spacer battle-history"><br></div><div class="battle-history">Blissex (<strong>Blissey</strong>) was dragged out!<br></div><div class="battle-history"><small>The opposing Blissex was hurt by the spikes!</small><br></div><div class="spacer battle-history"><br></div><div class="battle-history"><small>The opposing Blissex restored a little HP using its Leftovers!</small><br></div><div class="battle-history"><small>TEAL6 restored a little HP using its Leftovers!</small><br></div><div class="spacer battle-history"><br></div><h2 class="battle-history">Turn 77</h2><div class="spacer battle-history"><br></div><div class="battle-history">TEAL6, come back!<br></div><div class="battle-history">Go! POEK :D (<strong>Raikou</strong>)!<br></div><div class="spacer battle-history"><br></div><div class="battle-history">The opposing Blissex used <strong>Ice Beam</strong>!<br></div><div class="battle-history"><small>(POEK :D lost <abbr title="−62/383">16.2%</abbr> of its health!)</small><br></div><div class="spacer battle-history"><br></div><div class="battle-history"><small>POEK :D restored a little HP using its Leftovers!</small><br></div><div class="battle-history"><small>The opposing Blissex restored a little HP using its Leftovers!</small><br></div><div class="spacer battle-history"><br></div><h2 class="battle-history">Turn 78</h2><div class="spacer battle-history"><br></div><div class="battle-history">The opposing Blissex used <strong>Light Screen</strong>!<br></div><div class="battle-history"><small>Light Screen made the opposing team stronger against special moves!</small><br></div><div class="spacer battle-history"><br></div><div class="battle-history">POEK :D used <strong>Roar</strong>!<br></div><div class="spacer battle-history"><br></div><div class="battle-history">Marosex (<strong>Marowak</strong>) was dragged out!<br></div><div class="battle-history"><small>The opposing Marosex was hurt by the spikes!</small><br></div><div class="spacer battle-history"><br></div><div class="battle-history"><small>POEK :D restored a little HP using its Leftovers!</small><br></div><div class="spacer battle-history"><br></div><h2 class="battle-history">Turn 79</h2><div class="spacer battle-history"><br></div><div class="battle-history">POEK :D, come back!<br></div><div class="battle-history">Go! KYLE ZAMROCK (<strong>Suicune</strong>)!<br></div><div class="spacer battle-history"><br></div><div class="battle-history">The opposing Marosex used <strong>Earthquake</strong>!<br></div><div class="battle-history"><small>(KYLE ZAMROCK lost <abbr title="−176/403">43.7%</abbr> of its health!)</small><br></div><div class="spacer battle-history"><br></div><div class="battle-history"><small>KYLE ZAMROCK restored a little HP using its Leftovers!</small><br></div><div class="spacer battle-history"><br></div><h2 class="battle-history">Turn 80</h2><div class="spacer battle-history"><br></div><div class="battle-history">KYLE ZAMROCK, come back!<br></div><div class="battle-history">Go! TEAL6 (<strong>Skarmory</strong>)!<br></div><div class="spacer battle-history"><br></div><div class="battle-history">The opposing Marosex used <strong>Earthquake</strong>!<br></div><div class="battle-history"><small>It doesn't affect TEAL6...</small><br></div><div class="spacer battle-history"><br></div><div class="battle-history"><small>TEAL6 restored a little HP using its Leftovers!</small><br></div><div class="spacer battle-history"><br></div><h2 class="battle-history">Turn 81</h2><div class="spacer battle-history"><br></div><div class="battle-history">TEAL6, come back!<br></div><div class="battle-history">Go! KYLE ZAMROCK (<strong>Suicune</strong>)!<br></div><div class="spacer battle-history"><br></div><div class="battle-history">The opposing Marosex used <strong>Rock Slide</strong>!<br></div><div class="battle-history"><small>KYLE ZAMROCK avoided the attack!</small><br></div><div class="spacer battle-history"><br></div><div class="battle-history"><small>KYLE ZAMROCK restored a little HP using its Leftovers!</small><br></div><div class="spacer battle-history"><br></div><h2 class="battle-history">Turn 82</h2><div class="spacer battle-history"><br></div><div class="battle-history">KYLE ZAMROCK used <strong>Surf</strong>!<br></div><div class="battle-history"><small>It's super effective!</small><br></div><div class="battle-history"><small>(The opposing Marosex lost <abbr title="−114/323">35.3%</abbr> of its health!)</small><br></div><div class="spacer battle-history"><br></div><div class="battle-history">The opposing Marosex used <strong>Rest</strong>!<br></div><div class="battle-history"><small>The opposing Marosex fell asleep!</small><br></div><div class="battle-history"><small>The opposing Marosex slept and became healthy!</small><br></div><div class="spacer battle-history"><br></div><div class="battle-history"><small>KYLE ZAMROCK restored a little HP using its Leftovers!</small><br></div><div class="battle-history"><small>The opposing team's Light Screen wore off!</small><br></div><div class="spacer battle-history"><br></div><h2 class="battle-history">Turn 83</h2><div class="spacer battle-history"><br></div><div class="battle-history">The opposing Marosex is fast asleep.<br></div><div class="spacer battle-history"><br></div><div class="battle-history">KYLE ZAMROCK used <strong>Roar</strong>!<br></div><div class="spacer battle-history"><br></div><div class="battle-history">Sexmie (<strong>Starmie</strong>) was dragged out!<br></div><div class="battle-history"><small>The opposing Sexmie was hurt by the spikes!</small><br></div><div class="spacer battle-history"><br></div><div class="battle-history"><small>The opposing Sexmie restored a little HP using its Leftovers!</small><br></div><div class="battle-history"><small>KYLE ZAMROCK restored a little HP using its Leftovers!</small><br></div><div class="spacer battle-history"><br></div><h2 class="battle-history">Turn 84</h2><div class="spacer battle-history"><br></div><div class="battle-history">The opposing Sexmie used <strong>Recover</strong>!<br></div><div class="battle-history"><small>The opposing Sexmie had its HP restored.</small><br></div><div class="spacer battle-history"><br></div><div class="battle-history">KYLE ZAMROCK used <strong>Roar</strong>!<br></div><div class="spacer battle-history"><br></div><div class="battle-history">uber (<strong>Snorlax</strong>) was dragged out!<br></div><div class="battle-history"><small>The opposing uber was hurt by the spikes!</small><br></div><div class="spacer battle-history"><br></div><div class="battle-history"><small>KYLE ZAMROCK restored a little HP using its Leftovers!</small><br></div><div class="battle-history"><small>The opposing uber restored a little HP using its Leftovers!</small><br></div><div class="spacer battle-history"><br></div><h2 class="battle-history">Turn 85</h2><div class="spacer battle-history"><br></div><div class="battle-history">KYLE ZAMROCK, come back!<br></div><div class="battle-history">Go! NJN:P (<strong>Misdreavus</strong>)!<br></div><div class="spacer battle-history"><br></div><div class="battle-history">The opposing uber used <strong>Body Slam</strong>!<br></div><div class="battle-history"><small>It doesn't affect NJN:P...</small><br></div><div class="spacer battle-history"><br></div><div class="battle-history"><small>The opposing uber restored a little HP using its Leftovers!</small><br></div><div class="spacer battle-history"><br></div><h2 class="battle-history">Turn 86</h2><div class="spacer battle-history"><br></div><div class="battle-history">Mr.E withdrew uber!<br></div><div class="battle-history">Mr.E sent out Marosex (<strong>Marowak</strong>)!<br></div><div class="battle-history"><small>The opposing Marosex was hurt by the spikes!</small><br></div><div class="spacer battle-history"><br></div><div class="battle-history">NJN:P used <strong>Confuse Ray</strong>!<br></div><div class="battle-history"><small>The opposing Marosex became confused!</small><br></div><div class="spacer battle-history"><br></div><h2 class="battle-history">Turn 87</h2><div class="spacer battle-history"><br></div><div class="battle-history">NJN:P, come back!<br></div><div class="battle-history">Go! KYLE ZAMROCK (<strong>Suicune</strong>)!<br></div><div class="spacer battle-history"><br></div><div class="battle-history">The opposing Marosex is fast asleep.<br></div><div class="spacer battle-history"><br></div><div class="battle-history"><small>KYLE ZAMROCK restored a little HP using its Leftovers!</small><br></div><div class="spacer battle-history"><br></div><h2 class="battle-history">Turn 88</h2><div class="spacer battle-history"><br></div><div class="battle-history">Mr.E withdrew Marosex!<br></div><div class="battle-history">Mr.E sent out Blissex (<strong>Blissey</strong>)!<br></div><div class="battle-history"><small>The opposing Blissex was hurt by the spikes!</small><br></div><div class="spacer battle-history"><br></div><div class="battle-history">KYLE ZAMROCK used <strong>Surf</strong>!<br></div><div class="battle-history"><small>(The opposing Blissex lost <abbr title="−83/713">11.6%</abbr> of its health!)</small><br></div><div class="spacer battle-history"><br></div><div class="battle-history"><small>KYLE ZAMROCK restored a little HP using its Leftovers!</small><br></div><div class="battle-history"><small>The opposing Blissex restored a little HP using its Leftovers!</small><br></div><div class="spacer battle-history"><br></div><h2 class="battle-history">Turn 89</h2><div class="spacer battle-history"><br></div><div class="battle-history">The opposing Blissex used <strong>Light Screen</strong>!<br></div><div class="battle-history"><small>Light Screen made the opposing team stronger against special moves!</small><br></div><div class="spacer battle-history"><br></div><div class="battle-history">KYLE ZAMROCK used <strong>Roar</strong>!<br></div><div class="spacer battle-history"><br></div><div class="battle-history">uber (<strong>Snorlax</strong>) was dragged out!<br></div><div class="battle-history"><small>The opposing uber was hurt by the spikes!</small><br></div><div class="spacer battle-history"><br></div><div class="battle-history"><small>KYLE ZAMROCK restored a little HP using its Leftovers!</small><br></div><div class="battle-history"><small>The opposing uber restored a little HP using its Leftovers!</small><br></div><div class="spacer battle-history"><br></div><h2 class="battle-history">Turn 90</h2><div class="spacer battle-history"><br></div><div class="battle-history">The opposing uber used <strong>Body Slam</strong>!<br></div><div class="battle-history"><small>(KYLE ZAMROCK lost <abbr title="−94/403">23.3%</abbr> of its health!)</small><br></div><div class="battle-history"><small>KYLE ZAMROCK is paralyzed! It may be unable to move!</small><br></div><div class="spacer battle-history"><br></div><div class="battle-history">KYLE ZAMROCK is paralyzed! It can't move!<br></div><div class="spacer battle-history"><br></div><div class="battle-history"><small>The opposing uber restored a little HP using its Leftovers!</small><br></div><div class="battle-history"><small>KYLE ZAMROCK restored a little HP using its Leftovers!</small><br></div><div class="spacer battle-history"><br></div><h2 class="battle-history">Turn 91</h2><div class="spacer battle-history"><br></div><div class="battle-history">The opposing uber used <strong>Curse</strong>!<br></div><div class="battle-history"><small>The opposing uber's Speed fell!</small><br></div><div class="battle-history"><small>The opposing uber's Attack rose!</small><br></div><div class="battle-history"><small>The opposing uber's Defense rose!</small><br></div><div class="spacer battle-history"><br></div><div class="battle-history">KYLE ZAMROCK used <strong>Rest</strong>!<br></div><div class="battle-history"><small>KYLE ZAMROCK fell asleep!</small><br></div><div class="battle-history"><small>KYLE ZAMROCK slept and became healthy!</small><br></div><div class="spacer battle-history"><br></div><div class="battle-history"><small>The opposing uber restored a little HP using its Leftovers!</small><br></div><div class="spacer battle-history"><br></div><h2 class="battle-history">Turn 92</h2><div class="spacer battle-history"><br></div><div class="battle-history">KYLE ZAMROCK, come back!<br></div><div class="battle-history">Go! NJN:P (<strong>Misdreavus</strong>)!<br></div><div class="spacer battle-history"><br></div><div class="battle-history">Mr.E withdrew uber!<br></div><div class="battle-history">Mr.E sent out Sexbreon (<strong>Umbreon</strong>)!<br></div><div class="battle-history"><small>The opposing Sexbreon was hurt by the spikes!</small><br></div><div class="spacer battle-history"><br></div><div class="battle-history"><small>The opposing Sexbreon restored a little HP using its Leftovers!</small><br></div><div class="spacer battle-history"><br></div><h2 class="battle-history">Turn 93</h2><div class="spacer battle-history"><br></div><div class="battle-history">NJN:P, come back!<br></div><div class="battle-history">Go! TEAL6 (<strong>Skarmory</strong>)!<br></div><div class="spacer battle-history"><br></div><div class="battle-history">The opposing Sexbreon used <strong>Toxic</strong>!<br></div><div class="battle-history"><small>It doesn't affect TEAL6...</small><br></div><div class="spacer battle-history"><br></div><div class="battle-history"><small>The opposing Sexbreon restored a little HP using its Leftovers!</small><br></div><div class="battle-history"><small>TEAL6 restored a little HP using its Leftovers!</small><br></div><div class="battle-history"><small>The opposing team's Light Screen wore off!</small><br></div><div class="spacer battle-history"><br></div><h2 class="battle-history">Turn 94</h2><div class="spacer battle-history"><br></div><div class="battle-history">Mr.E withdrew Sexbreon!<br></div><div class="battle-history">Mr.E sent out Sexmie (<strong>Starmie</strong>)!<br></div><div class="battle-history"><small>The opposing Sexmie was hurt by the spikes!</small><br></div><div class="spacer battle-history"><br></div><div class="battle-history">TEAL6 used <strong>Rest</strong>!<br></div><div class="battle-history"><small>TEAL6 fell asleep!</small><br></div><div class="battle-history"><small>TEAL6 slept and became healthy!</small><br></div><div class="spacer battle-history"><br></div><div class="battle-history"><small>The opposing Sexmie restored a little HP using its Leftovers!</small><br></div><div class="spacer battle-history"><br></div><h2 class="battle-history">Turn 95</h2><div class="spacer battle-history"><br></div><div class="battle-history">TEAL6, come back!<br></div><div class="battle-history">Go! NJN:P (<strong>Misdreavus</strong>)!<br></div><div class="spacer battle-history"><br></div><div class="battle-history">The opposing Sexmie used <strong>Surf</strong>!<br></div><div class="battle-history"><small>(NJN:P lost <abbr title="−114/323">35.3%</abbr> of its health!)</small><br></div><div class="spacer battle-history"><br></div><div class="battle-history"><small>The opposing Sexmie restored a little HP using its Leftovers!</small><br></div><div class="battle-history"><small>NJN:P restored a little HP using its Leftovers!</small><br></div><div class="spacer battle-history"><br></div><h2 class="battle-history">Turn 96</h2><div class="spacer battle-history"><br></div><div class="battle-history">Mr.E withdrew Sexmie!<br></div><div class="battle-history">Mr.E sent out Sexbreon (<strong>Umbreon</strong>)!<br></div><div class="battle-history"><small>The opposing Sexbreon was hurt by the spikes!</small><br></div><div class="spacer battle-history"><br></div><div class="battle-history">NJN:P used <strong>Thunder</strong>!<br></div><div class="battle-history"><small>The opposing Sexbreon avoided the attack!</small><br></div><div class="spacer battle-history"><br></div><div class="battle-history"><small>NJN:P restored a little HP using its Leftovers!</small><br></div><div class="battle-history"><small>The opposing Sexbreon restored a little HP using its Leftovers!</small><br></div><div class="spacer battle-history"><br></div><h2 class="battle-history">Turn 97</h2><div class="spacer battle-history"><br></div><div class="battle-history">NJN:P used <strong>Confuse Ray</strong>!<br></div><div class="battle-history"><small>The opposing Sexbreon became confused!</small><br></div><div class="spacer battle-history"><br></div><div class="battle-history"><small>The opposing Sexbreon is confused!</small><br></div><div class="battle-history">The opposing Sexbreon used <strong>Pursuit</strong>!<br></div><div class="battle-history"><small>It's super effective!</small><br></div><div class="battle-history"><small>(NJN:P lost <abbr title="−76/323">23.5%</abbr> of its health!)</small><br></div><div class="spacer battle-history"><br></div><div class="battle-history"><small>NJN:P restored a little HP using its Leftovers!</small><br></div><div class="battle-history"><small>The opposing Sexbreon restored a little HP using its Leftovers!</small><br></div><div class="spacer battle-history"><br></div><h2 class="battle-history">Turn 98</h2><div class="spacer battle-history"><br></div><div class="battle-history">NJN:P used <strong>Pain Split</strong>!<br></div><div class="battle-history"><small>The battlers shared their pain!</small><br></div><div class="spacer battle-history"><br></div><div class="battle-history"><small>The opposing Sexbreon is confused!</small><br></div><div class="battle-history">It hurt itself in its confusion!<br></div><div class="spacer battle-history"><br></div><div class="battle-history"><small>NJN:P restored a little HP using its Leftovers!</small><br></div><div class="battle-history"><small>The opposing Sexbreon restored a little HP using its Leftovers!</small><br></div><div class="spacer battle-history"><br></div><h2 class="battle-history">Turn 99</h2><div class="spacer battle-history"><br></div><div class="battle-history"><small>(NJN:P is being withdrawn...)</small><br></div><div class="battle-history"><small>The opposing Sexbreon snapped out of its confusion!</small><br></div><div class="spacer battle-history"><br></div><div class="battle-history">The opposing Sexbreon used <strong>Pursuit</strong>!<br></div><div class="battle-history"><small>It's super effective!</small><br></div><div class="battle-history"><small>(NJN:P lost <abbr title="−161/323">49.8%</abbr> of its health!)</small><br></div><div class="spacer battle-history"><br></div><div class="battle-history">NJN:P, come back!<br></div><div class="battle-history">Go! TEAL6 (<strong>Skarmory</strong>)!<br></div><div class="spacer battle-history"><br></div><div class="battle-history"><small>The opposing Sexbreon restored a little HP using its Leftovers!</small><br></div><div class="spacer battle-history"><br></div><h2 class="battle-history">Turn 100</h2><div class="spacer battle-history"><br></div><div class="battle-history">TEAL6, come back!<br></div><div class="battle-history">Go! NJN:P (<strong>Misdreavus</strong>)!<br></div><div class="spacer battle-history"><br></div><div class="battle-history">Mr.E withdrew Sexbreon!<br></div><div class="battle-history">Mr.E sent out Sexmie (<strong>Starmie</strong>)!<br></div><div class="battle-history"><small>The opposing Sexmie was hurt by the spikes!</small><br></div><div class="spacer battle-history"><br></div><div class="battle-history"><small>The opposing Sexmie restored a little HP using its Leftovers!</small><br></div><div class="battle-history"><small>NJN:P restored a little HP using its Leftovers!</small><br></div><div class="spacer battle-history"><br></div><h2 class="battle-history">Turn 101</h2><div class="spacer battle-history"><br></div><div class="battle-history">Mr.E withdrew Sexmie!<br></div><div class="battle-history">Mr.E sent out Sexbreon (<strong>Umbreon</strong>)!<br></div><div class="battle-history"><small>The opposing Sexbreon was hurt by the spikes!</small><br></div><div class="spacer battle-history"><br></div><div class="battle-history">NJN:P, come back!<br></div><div class="battle-history">Go! POEK :D (<strong>Raikou</strong>)!<br></div><div class="spacer battle-history"><br></div><div class="battle-history"><small>POEK :D restored a little HP using its Leftovers!</small><br></div><div class="battle-history"><small>The opposing Sexbreon restored a little HP using its Leftovers!</small><br></div><div class="spacer battle-history"><br></div><h2 class="battle-history">Turn 102</h2><div class="spacer battle-history"><br></div><div class="battle-history">POEK :D, come back!<br></div><div class="battle-history">Go! TEAL6 (<strong>Skarmory</strong>)!<br></div><div class="spacer battle-history"><br></div><div class="battle-history">The opposing Sexbreon used <strong>Charm</strong>!<br></div><div class="battle-history"><small>TEAL6's Attack fell harshly!</small><br></div><div class="spacer battle-history"><br></div><div class="battle-history"><small>The opposing Sexbreon restored a little HP using its Leftovers!</small><br></div><div class="spacer battle-history"><br></div><h2 class="battle-history">Turn 103</h2><div class="spacer battle-history"><br></div><div class="battle-history">TEAL6, come back!<br></div><div class="battle-history">Go! POEK :D (<strong>Raikou</strong>)!<br></div><div class="spacer battle-history"><br></div><div class="battle-history">The opposing Sexbreon used <strong>Toxic</strong>!<br></div><div class="battle-history"><small>POEK :D was badly poisoned!</small><br></div><div class="spacer battle-history"><br></div><div class="battle-history"><small>The opposing Sexbreon restored a little HP using its Leftovers!</small><br></div><div class="spacer battle-history"><br></div><h2 class="battle-history">Turn 104</h2><div class="spacer battle-history"><br></div><div class="battle-history">Mr.E withdrew Sexbreon!<br></div><div class="battle-history">Mr.E sent out Blissex (<strong>Blissey</strong>)!<br></div><div class="battle-history"><small>The opposing Blissex was hurt by the spikes!</small><br></div><div class="spacer battle-history"><br></div><div class="battle-history">POEK :D used <strong>Roar</strong>!<br></div><div class="spacer battle-history"><br></div><div class="battle-history">Sexmory (<strong>Skarmory</strong>) was dragged out!<br></div><div class="battle-history"><small>POEK :D was hurt by poison!</small><br></div><div class="spacer battle-history"><br></div><div class="battle-history"><small>POEK :D restored a little HP using its Leftovers!</small><br></div><div class="spacer battle-history"><br></div><h2 class="battle-history">Turn 105</h2><div class="spacer battle-history"><br></div><div class="battle-history">POEK :D, come back!<br></div><div class="battle-history">Go! THE KING VAL (<strong>Snorlax</strong>)!<br></div><div class="spacer battle-history"><br></div><div class="battle-history">Mr.E withdrew Sexmory!<br></div><div class="battle-history">Mr.E sent out Blissex (<strong>Blissey</strong>)!<br></div><div class="battle-history"><small>The opposing Blissex was hurt by the spikes!</small><br></div><div class="spacer battle-history"><br></div><div class="battle-history"><small>The opposing Blissex restored a little HP using its Leftovers!</small><br></div><div class="battle-history"><small>THE KING VAL restored a little HP using its Leftovers!</small><br></div><div class="spacer battle-history"><br></div><h2 class="battle-history">Turn 106</h2><div class="spacer battle-history"><br></div><div class="battle-history">The opposing Blissex used <strong>Soft-Boiled</strong>!<br></div><div class="battle-history"><small>The opposing Blissex had its HP restored.</small><br></div><div class="spacer battle-history"><br></div><div class="battle-history">THE KING VAL used <strong>Double-Edge</strong>!<br></div><div class="battle-history"><small>(The opposing Blissex lost <abbr title="−358/713">50.2%</abbr> of its health!)</small><br></div><div class="battle-history"><small>THE KING VAL was damaged by the recoil!</small><br></div><div class="spacer battle-history"><br></div><div class="battle-history"><small>The opposing Blissex restored a little HP using its Leftovers!</small><br></div><div class="battle-history"><small>THE KING VAL restored a little HP using its Leftovers!</small><br></div><div class="spacer battle-history"><br></div><h2 class="battle-history">Turn 107</h2><div class="spacer battle-history"><br></div><div class="battle-history">Mr.E withdrew Blissex!<br></div><div class="battle-history">Mr.E sent out Sexmory (<strong>Skarmory</strong>)!<br></div><div class="spacer battle-history"><br></div><div class="battle-history">THE KING VAL used <strong>Toxic</strong>!<br></div><div class="battle-history"><small>It doesn't affect the opposing Sexmory...</small><br></div><div class="spacer battle-history"><br></div><div class="battle-history"><small>THE KING VAL restored a little HP using its Leftovers!</small><br></div><div class="spacer battle-history"><br></div><h2 class="battle-history">Turn 108</h2><div class="spacer battle-history"><br></div><div class="battle-history">Mr.E withdrew Sexmory!<br></div><div class="battle-history">Mr.E sent out Sexbreon (<strong>Umbreon</strong>)!<br></div><div class="battle-history"><small>The opposing Sexbreon was hurt by the spikes!</small><br></div><div class="spacer battle-history"><br></div><div class="battle-history">THE KING VAL used <strong>Double-Edge</strong>!<br></div><div class="battle-history"><small>(The opposing Sexbreon lost <abbr title="−135/393">34.4%</abbr> of its health!)</small><br></div><div class="battle-history"><small>THE KING VAL was damaged by the recoil!</small><br></div><div class="spacer battle-history"><br></div><div class="battle-history"><small>The opposing Sexbreon restored a little HP using its Leftovers!</small><br></div><div class="battle-history"><small>THE KING VAL restored a little HP using its Leftovers!</small><br></div><div class="spacer battle-history"><br></div><h2 class="battle-history">Turn 109</h2><div class="spacer battle-history"><br></div><div class="battle-history">The opposing Sexbreon used <strong>Charm</strong>!<br></div><div class="battle-history"><small>THE KING VAL's Attack fell harshly!</small><br></div><div class="spacer battle-history"><br></div><div class="battle-history">THE KING VAL used <strong>Double-Edge</strong>!<br></div><div class="battle-history"><small>(The opposing Sexbreon lost <abbr title="−68/393">17.3%</abbr> of its health!)</small><br></div><div class="battle-history"><small>THE KING VAL was damaged by the recoil!</small><br></div><div class="spacer battle-history"><br></div><div class="battle-history"><small>The opposing Sexbreon restored a little HP using its Leftovers!</small><br></div><div class="battle-history"><small>THE KING VAL restored a little HP using its Leftovers!</small><br></div><div class="spacer battle-history"><br></div><h2 class="battle-history">Turn 110</h2><div class="spacer battle-history"><br></div><div class="battle-history">THE KING VAL, come back!<br></div><div class="battle-history">Go! NJN:P (<strong>Misdreavus</strong>)!<br></div><div class="spacer battle-history"><br></div><div class="battle-history">The opposing Sexbreon used <strong>Rest</strong>!<br></div><div class="battle-history"><small>The opposing Sexbreon fell asleep!</small><br></div><div class="battle-history"><small>The opposing Sexbreon slept and became healthy!</small><br></div><div class="spacer battle-history"><br></div><div class="battle-history"><small>NJN:P restored a little HP using its Leftovers!</small><br></div><div class="spacer battle-history"><br></div><h2 class="battle-history">Turn 111</h2><div class="spacer battle-history"><br></div><div class="battle-history">NJN:P used <strong>Pain Split</strong>!<br></div><div class="battle-history"><small>The battlers shared their pain!</small><br></div><div class="spacer battle-history"><br></div><div class="battle-history">The opposing Sexbreon is fast asleep.<br></div><div class="spacer battle-history"><br></div><div class="battle-history"><small>NJN:P restored a little HP using its Leftovers!</small><br></div><div class="battle-history"><small>The opposing Sexbreon restored a little HP using its Leftovers!</small><br></div><div class="spacer battle-history"><br></div><h2 class="battle-history">Turn 112</h2><div class="spacer battle-history"><br></div><div class="battle-history">NJN:P, come back!<br></div><div class="battle-history">Go! TEAL6 (<strong>Skarmory</strong>)!<br></div><div class="spacer battle-history"><br></div><div class="battle-history">The opposing Sexbreon is fast asleep.<br></div><div class="spacer battle-history"><br></div><div class="battle-history"><small>The opposing Sexbreon restored a little HP using its Leftovers!</small><br></div><div class="spacer battle-history"><br></div><h2 class="battle-history">Turn 113</h2><div class="spacer battle-history"><br></div><div class="battle-history">TEAL6 is fast asleep.<br></div><div class="battle-history"><small>The opposing Sexbreon woke up!</small><br></div><div class="spacer battle-history"><br></div><div class="battle-history">The opposing Sexbreon used <strong>Charm</strong>!<br></div><div class="battle-history"><small>TEAL6's Attack fell harshly!</small><br></div><div class="spacer battle-history"><br></div><div class="battle-history"><small>The opposing Sexbreon restored a little HP using its Leftovers!</small><br></div><div class="spacer battle-history"><br></div><h2 class="battle-history">Turn 114</h2><div class="spacer battle-history"><br></div><div class="battle-history">Mr.E withdrew Sexbreon!<br></div><div class="battle-history">Mr.E sent out Sexmie (<strong>Starmie</strong>)!<br></div><div class="battle-history"><small>The opposing Sexmie was hurt by the spikes!</small><br></div><div class="spacer battle-history"><br></div><div class="battle-history">TEAL6 is fast asleep.<br></div><div class="spacer battle-history"><br></div><div class="battle-history"><small>The opposing Sexmie restored a little HP using its Leftovers!</small><br></div><div class="spacer battle-history"><br></div><h2 class="battle-history">Turn 115</h2><div class="spacer battle-history"><br></div><div class="battle-history">TEAL6, come back!<br></div><div class="battle-history">Go! NJN:P (<strong>Misdreavus</strong>)!<br></div><div class="spacer battle-history"><br></div><div class="battle-history">The opposing Sexmie used <strong>Recover</strong>!<br></div><div class="battle-history"><small>The opposing Sexmie had its HP restored.</small><br></div><div class="spacer battle-history"><br></div><div class="battle-history"><small>NJN:P restored a little HP using its Leftovers!</small><br></div><div class="spacer battle-history"><br></div><h2 class="battle-history">Turn 116</h2><div class="spacer battle-history"><br></div><div class="battle-history">Mr.E withdrew Sexmie!<br></div><div class="battle-history">Mr.E sent out Sexbreon (<strong>Umbreon</strong>)!<br></div><div class="battle-history"><small>The opposing Sexbreon was hurt by the spikes!</small><br></div><div class="spacer battle-history"><br></div><div class="battle-history">NJN:P used <strong>Thunder</strong>!<br></div><div class="battle-history"><small>(The opposing Sexbreon lost <abbr title="−76/393">19.3%</abbr> of its health!)</small><br></div><div class="spacer battle-history"><br></div><div class="battle-history"><small>NJN:P restored a little HP using its Leftovers!</small><br></div><div class="battle-history"><small>The opposing Sexbreon restored a little HP using its Leftovers!</small><br></div><div class="spacer battle-history"><br></div><h2 class="battle-history">Turn 117</h2><div class="spacer battle-history"><br></div><div class="battle-history">NJN:P, come back!<br></div><div class="battle-history">Go! TEAL6 (<strong>Skarmory</strong>)!<br></div><div class="spacer battle-history"><br></div><div class="battle-history">The opposing Sexbreon used <strong>Toxic</strong>!<br></div><div class="battle-history"><small>It doesn't affect TEAL6...</small><br></div><div class="spacer battle-history"><br></div><div class="battle-history"><small>The opposing Sexbreon restored a little HP using its Leftovers!</small><br></div><div class="spacer battle-history"><br></div><h2 class="battle-history">Turn 118</h2><div class="spacer battle-history"><br></div><div class="battle-history">The opposing Sexbreon used <strong>Rest</strong>!<br></div><div class="battle-history"><small>The opposing Sexbreon fell asleep!</small><br></div><div class="battle-history"><small>The opposing Sexbreon slept and became healthy!</small><br></div><div class="battle-history"><small>TEAL6 woke up!</small><br></div><div class="spacer battle-history"><br></div><div class="battle-history">TEAL6 used <strong>Whirlwind</strong>!<br></div><div class="spacer battle-history"><br></div><div class="battle-history">Marosex (<strong>Marowak</strong>) was dragged out!<br></div><div class="battle-history"><small>The opposing Marosex was hurt by the spikes!</small><br></div><div class="spacer battle-history"><br></div><h2 class="battle-history">Turn 119</h2><div class="spacer battle-history"><br></div><div class="battle-history"><small>The opposing Marosex woke up!</small><br></div><div class="spacer battle-history"><br></div><div class="battle-history">The opposing Marosex used <strong>Swords Dance</strong>!<br></div><div class="battle-history"><small>The opposing Marosex's Attack rose sharply!</small><br></div><div class="spacer battle-history"><br></div><div class="battle-history">TEAL6 used <strong>Whirlwind</strong>!<br></div><div class="spacer battle-history"><br></div><div class="battle-history">Sexbreon (<strong>Umbreon</strong>) was dragged out!<br></div><div class="battle-history"><small>The opposing Sexbreon was hurt by the spikes!</small><br></div><div class="spacer battle-history"><br></div><div class="battle-history"><small>The opposing Sexbreon restored a little HP using its Leftovers!</small><br></div><div class="spacer battle-history"><br></div><h2 class="battle-history">Turn 120</h2><div class="spacer battle-history"><br></div><div class="battle-history">The opposing Sexbreon is fast asleep.<br></div><div class="spacer battle-history"><br></div><div class="battle-history">TEAL6 used <strong>Whirlwind</strong>!<br></div><div class="spacer battle-history"><br></div><div class="battle-history">uber (<strong>Snorlax</strong>) was dragged out!<br></div><div class="battle-history"><small>The opposing uber was hurt by the spikes!</small><br></div><div class="spacer battle-history"><br></div><div class="battle-history"><small>The opposing uber restored a little HP using its Leftovers!</small><br></div><div class="spacer battle-history"><br></div><h2 class="battle-history">Turn 121</h2><div class="spacer battle-history"><br></div><div class="battle-history">The opposing uber used <strong>Fire Blast</strong>!<br></div><div class="battle-history"><small>It's super effective!</small><br></div><div class="battle-history"><small>(TEAL6 lost <abbr title="−176/333">52.9%</abbr> of its health!)</small><br></div><div class="spacer battle-history"><br></div><div class="battle-history">TEAL6 used <strong>Whirlwind</strong>!<br></div><div class="spacer battle-history"><br></div><div class="battle-history">Blissex (<strong>Blissey</strong>) was dragged out!<br></div><div class="battle-history"><small>The opposing Blissex was hurt by the spikes!</small><br></div><div class="spacer battle-history"><br></div><div class="battle-history"><small>TEAL6 restored a little HP using its Leftovers!</small><br></div><div class="battle-history"><small>The opposing Blissex restored a little HP using its Leftovers!</small><br></div><div class="spacer battle-history"><br></div><h2 class="battle-history">Turn 122</h2><div class="spacer battle-history"><br></div><div class="battle-history">TEAL6, come back!<br></div><div class="battle-history">Go! THE KING VAL (<strong>Snorlax</strong>)!<br></div><div class="spacer battle-history"><br></div><div class="battle-history">The opposing Blissex used <strong>Soft-Boiled</strong>!<br></div><div class="battle-history"><small>The opposing Blissex had its HP restored.</small><br></div><div class="spacer battle-history"><br></div><div class="battle-history"><small>The opposing Blissex restored a little HP using its Leftovers!</small><br></div><div class="battle-history"><small>THE KING VAL restored a little HP using its Leftovers!</small><br></div><div class="spacer battle-history"><br></div><h2 class="battle-history">Turn 123</h2><div class="spacer battle-history"><br></div><div class="battle-history">The opposing Blissex used <strong>Light Screen</strong>!<br></div><div class="battle-history"><small>Light Screen made the opposing team stronger against special moves!</small><br></div><div class="spacer battle-history"><br></div><div class="battle-history">THE KING VAL used <strong>Double-Edge</strong>!<br></div><div class="battle-history"><small>(The opposing Blissex lost <abbr title="−355/713">49.8%</abbr> of its health!)</small><br></div><div class="battle-history"><small>THE KING VAL was damaged by the recoil!</small><br></div><div class="spacer battle-history"><br></div><div class="battle-history"><small>The opposing Blissex restored a little HP using its Leftovers!</small><br></div><div class="battle-history"><small>THE KING VAL restored a little HP using its Leftovers!</small><br></div><div class="spacer battle-history"><br></div><h2 class="battle-history">Turn 124</h2><div class="spacer battle-history"><br></div><div class="battle-history">Mr.E withdrew Blissex!<br></div><div class="battle-history">Mr.E sent out Sexmory (<strong>Skarmory</strong>)!<br></div><div class="spacer battle-history"><br></div><div class="battle-history">THE KING VAL used <strong>Toxic</strong>!<br></div><div class="battle-history"><small>It doesn't affect the opposing Sexmory...</small><br></div><div class="spacer battle-history"><br></div><div class="battle-history"><small>THE KING VAL restored a little HP using its Leftovers!</small><br></div><div class="spacer battle-history"><br></div><h2 class="battle-history">Turn 125</h2><div class="spacer battle-history"><br></div><div class="battle-history">The opposing Sexmory used <strong>Curse</strong>!<br></div><div class="battle-history"><small>The opposing Sexmory's Speed fell!</small><br></div><div class="battle-history"><small>The opposing Sexmory's Attack rose!</small><br></div><div class="battle-history"><small>The opposing Sexmory's Defense rose!</small><br></div><div class="spacer battle-history"><br></div><div class="battle-history">THE KING VAL used <strong>Double-Edge</strong>!<br></div><div class="battle-history"><small>A critical hit!</small><br></div><div class="battle-history"><small>It's not very effective...</small><br></div><div class="battle-history"><small>(The opposing Sexmory lost <abbr title="−108/333">32.4%</abbr> of its health!)</small><br></div><div class="battle-history"><small>THE KING VAL was damaged by the recoil!</small><br></div><div class="spacer battle-history"><br></div><div class="battle-history"><small>THE KING VAL restored a little HP using its Leftovers!</small><br></div><div class="battle-history"><small>The opposing Sexmory restored a little HP using its Leftovers!</small><br></div><div class="spacer battle-history"><br></div><h2 class="battle-history">Turn 126</h2><div class="spacer battle-history"><br></div><div class="battle-history">THE KING VAL, come back!<br></div><div class="battle-history">Go! TEAL6 (<strong>Skarmory</strong>)!<br></div><div class="spacer battle-history"><br></div><div class="battle-history">The opposing Sexmory used <strong>Drill Peck</strong>!<br></div><div class="battle-history"><small>It's not very effective...</small><br></div><div class="battle-history"><small>(TEAL6 lost <abbr title="−49/333">14.7%</abbr> of its health!)</small><br></div><div class="spacer battle-history"><br></div><div class="battle-history"><small>TEAL6 restored a little HP using its Leftovers!</small><br></div><div class="battle-history"><small>The opposing Sexmory restored a little HP using its Leftovers!</small><br></div><div class="spacer battle-history"><br></div><h2 class="battle-history">Turn 127</h2><div class="spacer battle-history"><br></div><div class="battle-history">TEAL6 used <strong>Curse</strong>!<br></div><div class="battle-history"><small>TEAL6's Speed fell!</small><br></div><div class="battle-history"><small>TEAL6's Attack rose!</small><br></div><div class="battle-history"><small>TEAL6's Defense rose!</small><br></div><div class="spacer battle-history"><br></div><div class="battle-history">The opposing Sexmory used <strong>Whirlwind</strong>!<br></div><div class="spacer battle-history"><br></div><div class="battle-history">KYLE ZAMROCK (<strong>Suicune</strong>) was dragged out!<br></div><div class="spacer battle-history"><br></div><div class="battle-history"><small>The opposing Sexmory restored a little HP using its Leftovers!</small><br></div><div class="battle-history"><small>The opposing team's Light Screen wore off!</small><br></div><div class="spacer battle-history"><br></div><h2 class="battle-history">Turn 128</h2><div class="spacer battle-history"><br></div><div class="battle-history">Mr.E withdrew Sexmory!<br></div><div class="battle-history">Mr.E sent out Sexmie (<strong>Starmie</strong>)!<br></div><div class="battle-history"><small>The opposing Sexmie was hurt by the spikes!</small><br></div><div class="spacer battle-history"><br></div><div class="battle-history">KYLE ZAMROCK is fast asleep.<br></div><div class="spacer battle-history"><br></div><div class="battle-history">KYLE ZAMROCK used <strong>Sleep Talk</strong>!<br></div><div class="spacer battle-history"><br></div><div class="battle-history">KYLE ZAMROCK used <strong>Rest</strong>!<br></div><div class="battle-history"><small>But it failed!</small><br></div><div class="spacer battle-history"><br></div><div class="battle-history"><small>The opposing Sexmie restored a little HP using its Leftovers!</small><br></div><div class="spacer battle-history"><br></div><h2 class="battle-history">Turn 129</h2><div class="spacer battle-history"><br></div><div class="battle-history">Mr.E withdrew Sexmie!<br></div><div class="battle-history">Mr.E sent out Sexbreon (<strong>Umbreon</strong>)!<br></div><div class="battle-history"><small>The opposing Sexbreon was hurt by the spikes!</small><br></div><div class="spacer battle-history"><br></div><div class="battle-history">KYLE ZAMROCK, come back!<br></div><div class="battle-history">Go! NJN:P (<strong>Misdreavus</strong>)!<br></div><div class="spacer battle-history"><br></div><div class="battle-history"><small>The opposing Sexbreon restored a little HP using its Leftovers!</small><br></div><div class="spacer battle-history"><br></div><h2 class="battle-history">Turn 130</h2><div class="spacer battle-history"><br></div><div class="battle-history"><small>(NJN:P is being withdrawn...)</small><br></div><div class="spacer battle-history"><br></div><div class="battle-history">The opposing Sexbreon is fast asleep.<br></div><div class="spacer battle-history"><br></div><div class="battle-history">NJN:P, come back!<br></div><div class="battle-history">Go! TEAL6 (<strong>Skarmory</strong>)!<br></div><div class="spacer battle-history"><br></div><div class="battle-history"><small>TEAL6 restored a little HP using its Leftovers!</small><br></div><div class="battle-history"><small>The opposing Sexbreon restored a little HP using its Leftovers!</small><br></div><div class="spacer battle-history"><br></div><h2 class="battle-history">Turn 131</h2><div class="spacer battle-history"><br></div><div class="battle-history"><small>The opposing Sexbreon woke up!</small><br></div><div class="spacer battle-history"><br></div><div class="battle-history">The opposing Sexbreon used <strong>Charm</strong>!<br></div><div class="battle-history"><small>TEAL6's Attack fell harshly!</small><br></div><div class="spacer battle-history"><br></div><div class="battle-history">TEAL6 used <strong>Whirlwind</strong>!<br></div><div class="spacer battle-history"><br></div><div class="battle-history">Marosex (<strong>Marowak</strong>) was dragged out!<br></div><div class="battle-history"><small>The opposing Marosex was hurt by the spikes!</small><br></div><div class="spacer battle-history"><br></div><div class="battle-history"><small>TEAL6 restored a little HP using its Leftovers!</small><br></div><div class="spacer battle-history"><br></div><h2 class="battle-history">Turn 132</h2><div class="spacer battle-history"><br></div><div class="battle-history">The opposing Marosex used <strong>Rock Slide</strong>!<br></div><div class="battle-history"><small>(TEAL6 lost <abbr title="−79/333">23.7%</abbr> of its health!)</small><br></div><div class="spacer battle-history"><br></div><div class="battle-history">TEAL6 used <strong>Whirlwind</strong>!<br></div><div class="spacer battle-history"><br></div><div class="battle-history">Sexbreon (<strong>Umbreon</strong>) was dragged out!<br></div><div class="battle-history"><small>The opposing Sexbreon was hurt by the spikes!</small><br></div><div class="spacer battle-history"><br></div><div class="battle-history"><small>TEAL6 restored a little HP using its Leftovers!</small><br></div><div class="battle-history"><small>The opposing Sexbreon restored a little HP using its Leftovers!</small><br></div><div class="spacer battle-history"><br></div><h2 class="battle-history">Turn 133</h2><div class="spacer battle-history"><br></div><div class="battle-history">TEAL6 used <strong>Curse</strong>!<br></div><div class="battle-history"><small>TEAL6's Speed fell!</small><br></div><div class="battle-history"><small>TEAL6's Attack rose!</small><br></div><div class="battle-history"><small>TEAL6's Defense rose!</small><br></div><div class="spacer battle-history"><br></div><div class="battle-history">The opposing Sexbreon used <strong>Charm</strong>!<br></div><div class="battle-history"><small>TEAL6's Attack fell harshly!</small><br></div><div class="spacer battle-history"><br></div><div class="battle-history"><small>The opposing Sexbreon restored a little HP using its Leftovers!</small><br></div><div class="battle-history"><small>TEAL6 restored a little HP using its Leftovers!</small><br></div><div class="spacer battle-history"><br></div><h2 class="battle-history">Turn 134</h2><div class="spacer battle-history"><br></div><div class="battle-history">The opposing Sexbreon used <strong>Pursuit</strong>!<br></div><div class="battle-history"><small>It's not very effective...</small><br></div><div class="battle-history"><small>(TEAL6 lost <abbr title="−21/333">6.3%</abbr> of its health!)</small><br></div><div class="spacer battle-history"><br></div><div class="battle-history">TEAL6 used <strong>Whirlwind</strong>!<br></div><div class="spacer battle-history"><br></div><div class="battle-history">uber (<strong>Snorlax</strong>) was dragged out!<br></div><div class="battle-history"><small>The opposing uber was hurt by the spikes!</small><br></div><div class="spacer battle-history"><br></div><div class="battle-history"><small>The opposing uber restored a little HP using its Leftovers!</small><br></div><div class="battle-history"><small>TEAL6 restored a little HP using its Leftovers!</small><br></div><div class="spacer battle-history"><br></div><h2 class="battle-history">Turn 135</h2><div class="spacer battle-history"><br></div><div class="battle-history">Mr.E withdrew uber!<br></div><div class="battle-history">Mr.E sent out Sexmie (<strong>Starmie</strong>)!<br></div><div class="battle-history"><small>The opposing Sexmie was hurt by the spikes!</small><br></div><div class="spacer battle-history"><br></div><div class="battle-history">TEAL6, come back!<br></div><div class="battle-history">Go! KYLE ZAMROCK (<strong>Suicune</strong>)!<br></div><div class="spacer battle-history"><br></div><div class="battle-history"><small>The opposing Sexmie restored a little HP using its Leftovers!</small><br></div><div class="spacer battle-history"><br></div><h2 class="battle-history">Turn 136</h2><div class="spacer battle-history"><br></div><div class="battle-history">KYLE ZAMROCK, come back!<br></div><div class="battle-history">Go! NJN:P (<strong>Misdreavus</strong>)!<br></div><div class="spacer battle-history"><br></div><div class="battle-history">The opposing Sexmie used <strong>Rapid Spin</strong>!<br></div><div class="battle-history"><small>It doesn't affect NJN:P...</small><br></div><div class="spacer battle-history"><br></div><div class="battle-history"><small>The opposing Sexmie restored a little HP using its Leftovers!</small><br></div><div class="spacer battle-history"><br></div><h2 class="battle-history">Turn 137</h2><div class="spacer battle-history"><br></div><div class="battle-history">Mr.E withdrew Sexmie!<br></div><div class="battle-history">Mr.E sent out Sexbreon (<strong>Umbreon</strong>)!<br></div><div class="battle-history"><small>The opposing Sexbreon was hurt by the spikes!</small><br></div><div class="spacer battle-history"><br></div><div class="battle-history">NJN:P used <strong>Thunder</strong>!<br></div><div class="battle-history"><small>The opposing Sexbreon avoided the attack!</small><br></div><div class="spacer battle-history"><br></div><div class="battle-history"><small>The opposing Sexbreon restored a little HP using its Leftovers!</small><br></div><div class="spacer battle-history"><br></div><h2 class="battle-history">Turn 138</h2><div class="spacer battle-history"><br></div><div class="battle-history"><small>(NJN:P is being withdrawn...)</small><br></div><div class="spacer battle-history"><br></div><div class="battle-history">The opposing Sexbreon used <strong>Pursuit</strong>!<br></div><div class="battle-history"><small>It's super effective!</small><br></div><div class="battle-history"><small>(NJN:P lost <abbr title="−152/323">47.1%</abbr> of its health!)</small><br></div><div class="spacer battle-history"><br></div><div class="battle-history">NJN:P, come back!<br></div><div class="battle-history">Go! TEAL6 (<strong>Skarmory</strong>)!<br></div><div class="spacer battle-history"><br></div><div class="battle-history"><small>TEAL6 restored a little HP using its Leftovers!</small><br></div><div class="battle-history"><small>The opposing Sexbreon restored a little HP using its Leftovers!</small><br></div><div class="spacer battle-history"><br></div><h2 class="battle-history">Turn 139</h2><div class="spacer battle-history"><br></div><div class="battle-history">TEAL6 used <strong>Curse</strong>!<br></div><div class="battle-history"><small>TEAL6's Speed fell!</small><br></div><div class="battle-history"><small>TEAL6's Attack rose!</small><br></div><div class="battle-history"><small>TEAL6's Defense rose!</small><br></div><div class="spacer battle-history"><br></div><div class="battle-history">The opposing Sexbreon used <strong>Charm</strong>!<br></div><div class="battle-history"><small>TEAL6's Attack fell harshly!</small><br></div><div class="spacer battle-history"><br></div><div class="battle-history"><small>The opposing Sexbreon restored a little HP using its Leftovers!</small><br></div><div class="battle-history"><small>TEAL6 restored a little HP using its Leftovers!</small><br></div><div class="spacer battle-history"><br></div><h2 class="battle-history">Turn 140</h2><div class="spacer battle-history"><br></div><div class="battle-history">The opposing Sexbreon used <strong>Charm</strong>!<br></div><div class="battle-history"><small>TEAL6's Attack fell harshly!</small><br></div><div class="spacer battle-history"><br></div><div class="battle-history">TEAL6 used <strong>Whirlwind</strong>!<br></div><div class="spacer battle-history"><br></div><div class="battle-history">uber (<strong>Snorlax</strong>) was dragged out!<br></div><div class="battle-history"><small>The opposing uber was hurt by the spikes!</small><br></div><div class="spacer battle-history"><br></div><div class="battle-history"><small>The opposing uber restored a little HP using its Leftovers!</small><br></div><div class="battle-history"><small>TEAL6 restored a little HP using its Leftovers!</small><br></div><div class="spacer battle-history"><br></div><h2 class="battle-history">Turn 141</h2><div class="spacer battle-history"><br></div><div class="battle-history">TEAL6, come back!<br></div><div class="battle-history">Go! THE KING VAL (<strong>Snorlax</strong>)!<br></div><div class="spacer battle-history"><br></div><div class="battle-history">The opposing uber used <strong>Fire Blast</strong>!<br></div><div class="battle-history"><small>(THE KING VAL lost <abbr title="−71/523">13.6%</abbr> of its health!)</small><br></div><div class="battle-history"><small>THE KING VAL was burned!</small><br></div><div class="spacer battle-history"><br></div><div class="battle-history"><small>THE KING VAL restored a little HP using its Leftovers!</small><br></div><div class="battle-history"><small>The opposing uber restored a little HP using its Leftovers!</small><br></div><div class="spacer battle-history"><br></div><h2 class="battle-history">Turn 142</h2><div class="spacer battle-history"><br></div><div class="battle-history">Mr.E withdrew uber!<br></div><div class="battle-history">Mr.E sent out Sexmie (<strong>Starmie</strong>)!<br></div><div class="battle-history"><small>The opposing Sexmie was hurt by the spikes!</small><br></div><div class="spacer battle-history"><br></div><div class="battle-history">THE KING VAL used <strong>Toxic</strong>!<br></div><div class="battle-history"><small>The opposing Sexmie was badly poisoned!</small><br></div><div class="battle-history"><small>THE KING VAL was hurt by its burn!</small><br></div><div class="spacer battle-history"><br></div><div class="battle-history"><small>The opposing Sexmie restored a little HP using its Leftovers!</small><br></div><div class="battle-history"><small>THE KING VAL restored a little HP using its Leftovers!</small><br></div><div class="spacer battle-history"><br></div><h2 class="battle-history">Turn 143</h2><div class="spacer battle-history"><br></div><div class="battle-history">Mr.E withdrew Sexmie!<br></div><div class="battle-history">Mr.E sent out Sexbreon (<strong>Umbreon</strong>)!<br></div><div class="battle-history"><small>The opposing Sexbreon was hurt by the spikes!</small><br></div><div class="spacer battle-history"><br></div><div class="battle-history">THE KING VAL, come back!<br></div><div class="battle-history">Go! NJN:P (<strong>Misdreavus</strong>)!<br></div><div class="spacer battle-history"><br></div><div class="battle-history"><small>NJN:P restored a little HP using its Leftovers!</small><br></div><div class="battle-history"><small>The opposing Sexbreon restored a little HP using its Leftovers!</small><br></div><div class="spacer battle-history"><br></div><h2 class="battle-history">Turn 144</h2><div class="spacer battle-history"><br></div><div class="battle-history"><small>(NJN:P is being withdrawn...)</small><br></div><div class="spacer battle-history"><br></div><div class="battle-history">The opposing Sexbreon used <strong>Pursuit</strong>!<br></div><div class="battle-history"><small>It's super effective!</small><br></div><div class="battle-history"><small>(NJN:P lost <abbr title="−148/323">45.8%</abbr> of its health!)</small><br></div><div class="spacer battle-history"><br></div><div class="battle-history">NJN:P, come back!<br></div><div class="battle-history">Go! TEAL6 (<strong>Skarmory</strong>)!<br></div><div class="spacer battle-history"><br></div><div class="battle-history"><small>TEAL6 restored a little HP using its Leftovers!</small><br></div><div class="battle-history"><small>The opposing Sexbreon restored a little HP using its Leftovers!</small><br></div><div class="spacer battle-history"><br></div><h2 class="battle-history">Turn 145</h2><div class="spacer battle-history"><br></div><div class="battle-history">The opposing Sexbreon used <strong>Charm</strong>!<br></div><div class="battle-history"><small>TEAL6's Attack fell harshly!</small><br></div><div class="spacer battle-history"><br></div><div class="battle-history">TEAL6 used <strong>Whirlwind</strong>!<br></div><div class="spacer battle-history"><br></div><div class="battle-history">Marosex (<strong>Marowak</strong>) was dragged out!<br></div><div class="battle-history"><small>The opposing Marosex was hurt by the spikes!</small><br></div><div class="spacer battle-history"><br></div><div class="battle-history"><small>TEAL6 restored a little HP using its Leftovers!</small><br></div><div class="spacer battle-history"><br></div><h2 class="battle-history">Turn 146</h2><div class="spacer battle-history"><br></div><div class="battle-history">Mr.E withdrew Marosex!<br></div><div class="battle-history">Mr.E sent out Sexbreon (<strong>Umbreon</strong>)!<br></div><div class="battle-history"><small>The opposing Sexbreon was hurt by the spikes!</small><br></div><div class="spacer battle-history"><br></div><div class="battle-history">TEAL6 used <strong>Curse</strong>!<br></div><div class="battle-history"><small>TEAL6's Speed fell!</small><br></div><div class="battle-history"><small>TEAL6's Attack rose!</small><br></div><div class="battle-history"><small>TEAL6's Defense rose!</small><br></div><div class="spacer battle-history"><br></div><div class="battle-history"><small>The opposing Sexbreon restored a little HP using its Leftovers!</small><br></div><div class="battle-history"><small>TEAL6 restored a little HP using its Leftovers!</small><br></div><div class="spacer battle-history"><br></div><h2 class="battle-history">Turn 147</h2><div class="spacer battle-history"><br></div><div class="battle-history">The opposing Sexbreon used <strong>Charm</strong>!<br></div><div class="battle-history"><small>TEAL6's Attack fell harshly!</small><br></div><div class="spacer battle-history"><br></div><div class="battle-history">TEAL6 used <strong>Whirlwind</strong>!<br></div><div class="spacer battle-history"><br></div><div class="battle-history">Sexmie (<strong>Starmie</strong>) was dragged out!<br></div><div class="battle-history"><small>The opposing Sexmie was poisoned!</small><br></div><div class="battle-history"><small>The opposing Sexmie was hurt by the spikes!</small><br></div><div class="spacer battle-history"><br></div><div class="battle-history"><small>The opposing Sexmie restored a little HP using its Leftovers!</small><br></div><div class="battle-history"><small>TEAL6 restored a little HP using its Leftovers!</small><br></div><div class="spacer battle-history"><br></div><h2 class="battle-history">Turn 148</h2><div class="spacer battle-history"><br></div><div class="battle-history">TEAL6, come back!<br></div><div class="battle-history">Go! NJN:P (<strong>Misdreavus</strong>)!<br></div><div class="spacer battle-history"><br></div><div class="battle-history">The opposing Sexmie used <strong>Surf</strong>!<br></div><div class="battle-history"><small>(NJN:P lost <abbr title="−43/323">13.3%</abbr> of its health!)</small><br></div><div class="spacer battle-history"><br></div><div class="battle-history">NJN:P fainted!<br></div><div class="spacer battle-history"><br></div><div class="battle-history">Go! POEK :D (<strong>Raikou</strong>)!<br></div><div class="battle-history"><small>POEK :D was poisoned!</small><br></div><div class="spacer battle-history"><br></div><div class="battle-history"><small>The opposing Sexmie restored a little HP using its Leftovers!</small><br></div><div class="spacer battle-history"><br></div><h2 class="battle-history">Turn 149</h2><div class="spacer battle-history"><br></div><div class="battle-history">The opposing Sexmie used <strong>Rapid Spin</strong>!<br></div><div class="battle-history"><small>(POEK :D lost <abbr title="−16/383">4.2%</abbr> of its health!)</small><br></div><div class="battle-history"><small>The spikes disappeared from the ground around the opposing team!</small><br></div><div class="battle-history"><small>The opposing Sexmie was hurt by poison!</small><br></div><div class="spacer battle-history"><br></div><div class="battle-history">POEK :D used <strong>Roar</strong>!<br></div><div class="spacer battle-history"><br></div><div class="battle-history">Sexbreon (<strong>Umbreon</strong>) was dragged out!<br></div><div class="battle-history"><small>POEK :D was hurt by poison!</small><br></div><div class="spacer battle-history"><br></div><div class="battle-history"><small>POEK :D restored a little HP using its Leftovers!</small><br></div><div class="battle-history"><small>The opposing Sexbreon restored a little HP using its Leftovers!</small><br></div><div class="spacer battle-history"><br></div><h2 class="battle-history">Turn 150</h2><div class="chat chatmessage-kahmoneykev"><strong style="color:#bc1a91"><small>★</small><span class="username" data-name="KA$H MONEY KEV">KA$H MONEY KEV</span>:</strong> <em><b>alas</b></em></div><div class="chat chatmessage-kahmoneykev"><strong style="color:#bc1a91"><small>★</small><span class="username" data-name="KA$H MONEY KEV">KA$H MONEY KEV</span>:</strong> <em><b>lucky n bad is a fine combination</b></em></div><div class="chat chatmessage-kahmoneykev"><strong style="color:#bc1a91"><small>★</small><span class="username" data-name="KA$H MONEY KEV">KA$H MONEY KEV</span>:</strong> <em><b>gg sir</b></em></div><div class="spacer battle-history"><br></div><div class="battle-history"><small>KA$H MONEY KEV forfeited.</small><br></div><div class="spacer battle-history"><br></div><div class="battle-history"><strong>Mr.E</strong> won the battle!<br></div></div><div class="inner-preempt"></div></div></div>
</div>
<script>
let daily = Math.floor(Date.now()/1000/60/60/24);document.write('<script src="https://play.pokemonshowdown.com/js/replay-embed.js?version'+daily+'"></'+'script>');
</script>
