<!DOCTYPE html>
<meta charset="utf-8" />
<!-- version 1 -->
<title>[Gen 2] OU replay: Jimmy Turtwig vs. Mr.E</title>
<style>
html,body {font-family:Verdana, sans-serif;font-size:10pt;margin:0;padding:0;}body{padding:12px 0;} .battle-log {font-family:Verdana, sans-serif;font-size:10pt;} .battle-log-inline {border:1px solid #AAAAAA;background:#EEF2F5;color:black;max-width:640px;margin:0 auto 80px;padding-bottom:5px;} .battle-log .inner {padding:4px 8px 0px 8px;} .battle-log .inner-preempt {padding:0 8px 4px 8px;} .battle-log .inner-after {margin-top:0.5em;} .battle-log h2 {margin:0.5em -8px;padding:4px 8px;border:1px solid #AAAAAA;background:#E0E7EA;border-left:0;border-right:0;font-family:Verdana, sans-serif;font-size:13pt;} .battle-log .chat {vertical-align:middle;padding:3px 0 3px 0;font-size:8pt;} .battle-log .chat strong {color:#40576A;} .battle-log .chat em {padding:1px 4px 1px 3px;color:#000000;font-style:normal;} .chat.mine {background:rgba(0,0,0,0.05);margin-left:-8px;margin-right:-8px;padding-left:8px;padding-right:8px;} .spoiler {color:#BBBBBB;background:#BBBBBB;padding:0px 3px;} .spoiler:hover, .spoiler:active, .spoiler-shown {color:#000000;background:#E2E2E2;padding:0px 3px;} .spoiler a {color:#BBBBBB;} .spoiler:hover a, .spoiler:active a, .spoiler-shown a {color:#2288CC;} .chat code, .chat .spoiler:hover code, .chat .spoiler:active code, .chat .spoiler-shown code {border:1px solid #C0C0C0;background:#EEEEEE;color:black;padding:0 2px;} .chat .spoiler code {border:1px solid #CCCCCC;background:#CCCCCC;color:#CCCCCC;} .battle-log .rated {padding:3px 4px;} .battle-log .rated strong {color:white;background:#89A;padding:1px 4px;border-radius:4px;} .spacer {margin-top:0.5em;} .message-announce {background:#6688AA;color:white;padding:1px 4px 2px;} .message-announce a, .broadcast-green a, .broadcast-blue a, .broadcast-red a {color:#DDEEFF;} .broadcast-green {background-color:#559955;color:white;padding:2px 4px;} .broadcast-blue {background-color:#6688AA;color:white;padding:2px 4px;} .infobox {border:1px solid #6688AA;padding:2px 4px;} .infobox-limited {max-height:200px;overflow:auto;overflow-x:hidden;} .broadcast-red {background-color:#AA5544;color:white;padding:2px 4px;} .message-learn-canlearn {font-weight:bold;color:#228822;text-decoration:underline;} .message-learn-cannotlearn {font-weight:bold;color:#CC2222;text-decoration:underline;} .message-effect-weak {font-weight:bold;color:#CC2222;} .message-effect-resist {font-weight:bold;color:#6688AA;} .message-effect-immune {font-weight:bold;color:#666666;} .message-learn-list {margin-top:0;margin-bottom:0;} .message-throttle-notice, .message-error {color:#992222;} .message-overflow, .chat small.message-overflow {font-size:0pt;} .message-overflow::before {font-size:9pt;content:'...';} .subtle {color:#3A4A66;}
</style>
<div class="wrapper replay-wrapper" style="max-width:1180px;margin:0 auto">
<input type="hidden" name="replayid" value="smogtours-gen2ou-443465" />
<div class="battle"></div><div class="battle-log"></div><div class="replay-controls"></div><div class="replay-controls-2"></div>
<h1 style="font-weight:normal;text-align:center"><strong>[Gen 2] OU</strong><br /><a href="http://pokemonshowdown.com/users/jimmyturtwig" class="subtle" target="_blank">Jimmy Turtwig</a> vs. <a href="http://pokemonshowdown.com/users/mre" class="subtle" target="_blank">Mr.E</a></h1>
<script type="text/plain" class="battle-log-data">|inactive|Battle timer is ON: inactive players will automatically lose when time's up.
|player|p1|Jimmy Turtwig|164
|player|p2|Mr.E|#wcop2019usmidwest
|teamsize|p1|6
|teamsize|p2|6
|gametype|singles
|gen|2
|tier|[Gen 2] OU
|rule|Sleep Clause Mod: Limit one foe put to sleep
|rule|Freeze Clause Mod: Limit one foe frozen
|rule|Species Clause: Limit one of each Pokémon
|rule|OHKO Clause: OHKO moves are banned
|rule|Evasion Moves Clause: Evasion moves are banned
|rule|HP Percentage Mod: HP is shown in percentages
|
|start
|switch|p1a: Zapdos|Zapdos|383\/383
|switch|p2a: Lavos eater|Snorlax, M|523\/523
|turn|1
|c|☆Jimmy Turtwig|hf
|c|+rylon ★|in
|
|move|p1a: Zapdos|Thunder|p2a: Lavos eater
|-damage|p2a: Lavos eater|375\/523
|move|p2a: Lavos eater|Lovely Kiss|p1a: Zapdos|[miss]
|-miss|p2a: Lavos eater
|
|-heal|p2a: Lavos eater|407\/523|[from] item: Leftovers
|upkeep
|turn|2
|
|move|p1a: Zapdos|Thunder|p2a: Lavos eater
|-damage|p2a: Lavos eater|245\/523
|move|p2a: Lavos eater|Double-Edge|p1a: Zapdos
|-damage|p1a: Zapdos|213\/383
|-damage|p2a: Lavos eater|203\/523|[from] Recoil|[of] p1a: Zapdos
|
|-heal|p1a: Zapdos|236\/383|[from] item: Leftovers
|-heal|p2a: Lavos eater|235\/523|[from] item: Leftovers
|upkeep
|turn|3
|
|switch|p2a: Lavos wall|Blissey, F|713\/713
|move|p1a: Zapdos|Thunder|p2a: Lavos wall
|-damage|p2a: Lavos wall|572\/713
|-status|p2a: Lavos wall|par
|
|-heal|p1a: Zapdos|259\/383|[from] item: Leftovers
|-heal|p2a: Lavos wall|616\/713 par|[from] item: Leftovers
|upkeep
|turn|4
|raw|<div class="broadcast-red"><strong>Moderated chat was set to ☆!<\/strong><br \/>Only users of rank ☆ and higher can talk.<\/div>
|inactive|Jimmy Turtwig has 270 seconds left.
|inactive|Jimmy Turtwig has 240 seconds left.
|
|switch|p1a: Tyranitar|Tyranitar, M|403\/403
|cant|p2a: Lavos wall|par
|
|-heal|p2a: Lavos wall|660\/713 par|[from] item: Leftovers
|upkeep
|turn|5
|
|switch|p2a: Lavos sux|Umbreon, M|393\/393
|move|p1a: Tyranitar|Rock Slide|p2a: Lavos sux|[miss]
|-miss|p1a: Tyranitar
|
|upkeep
|turn|6
|inactive|Jimmy Turtwig has 210 seconds left.
|
|move|p2a: Lavos sux|Toxic|p1a: Tyranitar
|-status|p1a: Tyranitar|tox
|move|p1a: Tyranitar|Roar|p2a: Lavos sux
|drag|p2a: Lavos eater|Snorlax, M|235\/523
|-damage|p1a: Tyranitar|378\/403 tox|[from] psn
|
|-heal|p1a: Tyranitar|403\/403 tox|[from] item: Leftovers
|-heal|p2a: Lavos eater|267\/523|[from] item: Leftovers
|upkeep
|turn|7
|inactive|Jimmy Turtwig has 210 seconds left.
|inactive|Mr.E has 270 seconds left.
|
|switch|p1a: Cloyster|Cloyster, M|303\/303
|switch|p2a: Lavos sux|Umbreon, M|393\/393
|
|upkeep
|turn|8
|inactive|Jimmy Turtwig has 210 seconds left.
|
|move|p1a: Cloyster|Spikes|p2a: Lavos sux
|-sidestart|p2: Mr.E|Spikes
|move|p2a: Lavos sux|Toxic|p1a: Cloyster
|-status|p1a: Cloyster|tox
|
|upkeep
|turn|9
|inactive|Jimmy Turtwig has 210 seconds left.
|inactive|Mr.E has 270 seconds left.
|
|switch|p1a: Zapdos|Zapdos|259\/383
|switch|p2a: Lavos (BAN ME PLEA|Starmie|323\/323
|-damage|p2a: Lavos (BAN ME PLEA|283\/323|[from] Spikes
|
|-heal|p2a: Lavos (BAN ME PLEA|303\/323|[from] item: Leftovers
|-heal|p1a: Zapdos|282\/383|[from] item: Leftovers
|upkeep
|turn|10
|inactive|Jimmy Turtwig has 210 seconds left.
|inactive|Mr.E has 270 seconds left.
|
|switch|p2a: Lavos wall|Blissey, F|660\/713 par
|-damage|p2a: Lavos wall|571\/713 par|[from] Spikes
|switch|p1a: Snorlax|Snorlax, M|523\/523
|
|-heal|p2a: Lavos wall|615\/713 par|[from] item: Leftovers
|upkeep
|turn|11
|inactive|Jimmy Turtwig has 210 seconds left.
|inactive|Mr.E has 270 seconds left.
|
|move|p1a: Snorlax|Double-Edge|p2a: Lavos wall
|-damage|p2a: Lavos wall|236\/713 par
|-damage|p1a: Snorlax|429\/523|[from] Recoil|[of] p2a: Lavos wall
|move|p2a: Lavos wall|Light Screen|p2a: Lavos wall
|-sidestart|p2: Mr.E|move: Light Screen
|
|-heal|p1a: Snorlax|461\/523|[from] item: Leftovers
|-heal|p2a: Lavos wall|280\/713 par|[from] item: Leftovers
|upkeep
|turn|12
|inactive|Jimmy Turtwig has 210 seconds left.
|
|switch|p2a: Lavos lose|Skarmory, M|333\/333
|move|p1a: Snorlax|Double-Edge|p2a: Lavos lose
|-resisted|p2a: Lavos lose
|-damage|p2a: Lavos lose|275\/333
|-damage|p1a: Snorlax|447\/523|[from] Recoil|[of] p2a: Lavos lose
|
|-heal|p2a: Lavos lose|295\/333|[from] item: Leftovers
|-heal|p1a: Snorlax|479\/523|[from] item: Leftovers
|upkeep
|turn|13
|inactive|Jimmy Turtwig has 210 seconds left.
|
|switch|p1a: Zapdos|Zapdos|282\/383
|move|p2a: Lavos lose|Curse|p2a: Lavos lose
|-unboost|p2a: Lavos lose|spe|1
|-boost|p2a: Lavos lose|atk|1
|-boost|p2a: Lavos lose|def|1
|
|-heal|p1a: Zapdos|305\/383|[from] item: Leftovers
|-heal|p2a: Lavos lose|315\/333|[from] item: Leftovers
|upkeep
|turn|14
|inactive|Mr.E has 270 seconds left.
|
|switch|p1a: Snorlax|Snorlax, M|479\/523
|switch|p2a: Lavos eater|Snorlax, M|267\/523
|-damage|p2a: Lavos eater|202\/523|[from] Spikes
|
|-heal|p1a: Snorlax|511\/523|[from] item: Leftovers
|-heal|p2a: Lavos eater|234\/523|[from] item: Leftovers
|upkeep
|turn|15
|inactive|Mr.E has 270 seconds left.
|inactive|Jimmy Turtwig has 210 seconds left.
|
|switch|p1a: Tyranitar|Tyranitar, M|403\/403 tox
|-damage|p1a: Tyranitar|353\/403 psn|[from] psn
|move|p2a: Lavos eater|Lovely Kiss||[still]
|-fail|p2a: Lavos eater
|
|-heal|p1a: Tyranitar|378\/403 psn|[from] item: Leftovers
|-heal|p2a: Lavos eater|266\/523|[from] item: Leftovers
|-sideend|p2: Mr.E|move: Light Screen
|upkeep
|turn|16
|inactive|Mr.E has 270 seconds left.
|inactive|Jimmy Turtwig has 180 seconds left.
|
|switch|p1a: Zapdos|Zapdos|305\/383
|move|p2a: Lavos eater|Rest|p2a: Lavos eater
|-status|p2a: Lavos eater|slp|[from] move: Rest
|-heal|p2a: Lavos eater|523\/523 slp|[silent]
|
|-heal|p1a: Zapdos|328\/383|[from] item: Leftovers
|upkeep
|turn|17
|inactive|Jimmy Turtwig has 180 seconds left.
|
|switch|p1a: Snorlax|Snorlax, M|511\/523
|cant|p2a: Lavos eater|slp
|
|-heal|p1a: Snorlax|523\/523|[from] item: Leftovers
|upkeep
|turn|18
|inactive|Mr.E has 270 seconds left.
|
|switch|p2a: Lavos lose|Skarmory, M|315\/333
|move|p1a: Snorlax|Double-Edge|p2a: Lavos lose
|-resisted|p2a: Lavos lose
|-damage|p2a: Lavos lose|255\/333
|-damage|p1a: Snorlax|508\/523|[from] Recoil|[of] p2a: Lavos lose
|
|-heal|p2a: Lavos lose|275\/333|[from] item: Leftovers
|-heal|p1a: Snorlax|523\/523|[from] item: Leftovers
|upkeep
|turn|19
|inactive|Mr.E has 270 seconds left.
|
|move|p1a: Snorlax|Double-Edge|p2a: Lavos lose
|-resisted|p2a: Lavos lose
|-damage|p2a: Lavos lose|221\/333
|-damage|p1a: Snorlax|510\/523|[from] Recoil|[of] p2a: Lavos lose
|move|p2a: Lavos lose|Whirlwind|p1a: Snorlax
|drag|p1a: Exeggutor|Exeggutor, M|393\/393
|
|-heal|p2a: Lavos lose|241\/333|[from] item: Leftovers
|upkeep
|turn|20
|inactive|Mr.E has 270 seconds left.
|
|switch|p2a: Lavos sux|Umbreon, M|393\/393
|-damage|p2a: Lavos sux|344\/393|[from] Spikes
|move|p1a: Exeggutor|Psychic|p2a: Lavos sux
|-immune|p2a: Lavos sux
|
|-heal|p2a: Lavos sux|368\/393|[from] item: Leftovers
|upkeep
|turn|21
|inactive|Mr.E has 270 seconds left.
|inactive|Jimmy Turtwig has 150 seconds left.
|
|switch|p1a: Zapdos|Zapdos|328\/383
|move|p2a: Lavos sux|Toxic|p1a: Zapdos
|-status|p1a: Zapdos|tox
|
|-heal|p1a: Zapdos|351\/383 tox|[from] item: Leftovers
|-heal|p2a: Lavos sux|392\/393|[from] item: Leftovers
|upkeep
|turn|22
|inactive|Mr.E has 270 seconds left.
|inactive|Jimmy Turtwig has 120 seconds left.
|
|move|p1a: Zapdos|Thunder|p2a: Lavos sux
|-crit|p2a: Lavos sux
|-damage|p2a: Lavos sux|133\/393
|-status|p2a: Lavos sux|par
|-damage|p1a: Zapdos|328\/383 tox|[from] psn
|move|p2a: Lavos sux|Charm|p1a: Zapdos
|-unboost|p1a: Zapdos|atk|2
|
|-heal|p1a: Zapdos|351\/383 tox|[from] item: Leftovers
|-heal|p2a: Lavos sux|157\/393 par|[from] item: Leftovers
|upkeep
|turn|23
|inactive|Jimmy Turtwig has 120 seconds left.
|
|move|p1a: Zapdos|Thunder|p2a: Lavos sux
|-damage|p2a: Lavos sux|15\/393 par
|-damage|p1a: Zapdos|305\/383 tox|[from] psn
|cant|p2a: Lavos sux|par
|
|-heal|p1a: Zapdos|328\/383 tox|[from] item: Leftovers
|-heal|p2a: Lavos sux|39\/393 par|[from] item: Leftovers
|upkeep
|turn|24
|inactive|Mr.E has 240 seconds left.
|
|switch|p2a: Lavos wall|Blissey, F|280\/713 par
|-damage|p2a: Lavos wall|191\/713 par|[from] Spikes
|move|p1a: Zapdos|Hidden Power|p2a: Lavos wall
|-damage|p2a: Lavos wall|140\/713 par
|-damage|p1a: Zapdos|259\/383 tox|[from] psn
|
|-heal|p1a: Zapdos|282\/383 tox|[from] item: Leftovers
|-heal|p2a: Lavos wall|184\/713 par|[from] item: Leftovers
|upkeep
|turn|25
|inactive|Mr.E has 240 seconds left.
|
|switch|p1a: Snorlax|Snorlax, M|510\/523
|move|p2a: Lavos wall|Heal Bell|p2a: Lavos wall
|-cureteam|p2a: Lavos wall|[from] move: Heal Bell
|
|-heal|p2a: Lavos wall|228\/713|[from] item: Leftovers
|-heal|p1a: Snorlax|523\/523|[from] item: Leftovers
|upkeep
|turn|26
|
|move|p2a: Lavos wall|Soft-Boiled|p2a: Lavos wall
|-heal|p2a: Lavos wall|585\/713
|move|p1a: Snorlax|Double-Edge|p2a: Lavos wall
|-damage|p2a: Lavos wall|210\/713
|-damage|p1a: Snorlax|430\/523|[from] Recoil|[of] p2a: Lavos wall
|
|-heal|p2a: Lavos wall|254\/713|[from] item: Leftovers
|-heal|p1a: Snorlax|462\/523|[from] item: Leftovers
|upkeep
|turn|27
|
|move|p2a: Lavos wall|Soft-Boiled|p2a: Lavos wall
|-heal|p2a: Lavos wall|611\/713
|move|p1a: Snorlax|Double-Edge|p2a: Lavos wall
|-damage|p2a: Lavos wall|243\/713
|-damage|p1a: Snorlax|370\/523|[from] Recoil|[of] p2a: Lavos wall
|
|-heal|p2a: Lavos wall|287\/713|[from] item: Leftovers
|-heal|p1a: Snorlax|402\/523|[from] item: Leftovers
|upkeep
|turn|28
|inactive|Mr.E has 240 seconds left.
|
|move|p2a: Lavos wall|Soft-Boiled|p2a: Lavos wall
|-heal|p2a: Lavos wall|644\/713
|move|p1a: Snorlax|Double-Edge|p2a: Lavos wall
|-damage|p2a: Lavos wall|291\/713
|-damage|p1a: Snorlax|314\/523|[from] Recoil|[of] p2a: Lavos wall
|
|-heal|p2a: Lavos wall|335\/713|[from] item: Leftovers
|-heal|p1a: Snorlax|346\/523|[from] item: Leftovers
|upkeep
|turn|29
|inactive|Jimmy Turtwig has 120 seconds left.
|
|move|p2a: Lavos wall|Soft-Boiled|p2a: Lavos wall
|-heal|p2a: Lavos wall|692\/713
|move|p1a: Snorlax|Double-Edge|p2a: Lavos wall
|-damage|p2a: Lavos wall|303\/713
|-damage|p1a: Snorlax|249\/523|[from] Recoil|[of] p2a: Lavos wall
|
|-heal|p2a: Lavos wall|347\/713|[from] item: Leftovers
|-heal|p1a: Snorlax|281\/523|[from] item: Leftovers
|upkeep
|turn|30
|
|switch|p2a: Lavos lose|Skarmory, M|241\/333
|switch|p1a: Exeggutor|Exeggutor, M|393\/393
|
|-heal|p2a: Lavos lose|261\/333|[from] item: Leftovers
|upkeep
|turn|31
|inactive|Mr.E has 210 seconds left.
|
|switch|p2a: Lavos (BAN ME PLEA|Starmie|303\/323
|-damage|p2a: Lavos (BAN ME PLEA|263\/323|[from] Spikes
|switch|p1a: Zapdos|Zapdos|282\/383 tox
|-damage|p1a: Zapdos|235\/383 psn|[from] psn
|
|-heal|p2a: Lavos (BAN ME PLEA|283\/323|[from] item: Leftovers
|-heal|p1a: Zapdos|258\/383 psn|[from] item: Leftovers
|upkeep
|turn|32
|inactive|Jimmy Turtwig has 90 seconds left.
|
|move|p2a: Lavos (BAN ME PLEA|Light Screen|p2a: Lavos (BAN ME PLEA
|-sidestart|p2: Mr.E|move: Light Screen
|move|p1a: Zapdos|Thunder|p2a: Lavos (BAN ME PLEA
|-supereffective|p2a: Lavos (BAN ME PLEA
|-damage|p2a: Lavos (BAN ME PLEA|102\/323
|-status|p2a: Lavos (BAN ME PLEA|par
|-damage|p1a: Zapdos|211\/383 psn|[from] psn|[of] p2a: Lavos (BAN ME PLEA
|
|-heal|p1a: Zapdos|234\/383 psn|[from] item: Leftovers
|-heal|p2a: Lavos (BAN ME PLEA|122\/323 par|[from] item: Leftovers
|upkeep
|turn|33
|inactive|Jimmy Turtwig has 90 seconds left.
|inactive|Mr.E has 180 seconds left.
|
|switch|p2a: Lavos wall|Blissey, F|347\/713
|-damage|p2a: Lavos wall|258\/713|[from] Spikes
|move|p1a: Zapdos|Thunder|p2a: Lavos wall
|-damage|p2a: Lavos wall|188\/713
|-damage|p1a: Zapdos|187\/383 psn|[from] psn|[of] p2a: Lavos wall
|
|-heal|p1a: Zapdos|210\/383 psn|[from] item: Leftovers
|-heal|p2a: Lavos wall|232\/713|[from] item: Leftovers
|upkeep
|turn|34
|inactive|Jimmy Turtwig has 90 seconds left.
|
|switch|p1a: Exeggutor|Exeggutor, M|393\/393
|move|p2a: Lavos wall|Soft-Boiled|p2a: Lavos wall
|-heal|p2a: Lavos wall|589\/713
|
|-heal|p2a: Lavos wall|633\/713|[from] item: Leftovers
|upkeep
|turn|35
|inactive|Jimmy Turtwig has 90 seconds left.
|inactive|Mr.E has 180 seconds left.
|
|move|p2a: Lavos wall|Ice Beam|p1a: Exeggutor
|-supereffective|p1a: Exeggutor
|-damage|p1a: Exeggutor|240\/393
|move|p1a: Exeggutor|Sleep Powder|p2a: Lavos wall|[miss]
|-miss|p1a: Exeggutor
|
|-heal|p2a: Lavos wall|677\/713|[from] item: Leftovers
|-heal|p1a: Exeggutor|264\/393|[from] item: Leftovers
|upkeep
|turn|36
|inactive|Mr.E has 180 seconds left.
|
|switch|p2a: Lavos eater|Snorlax, M|523\/523
|-damage|p2a: Lavos eater|458\/523|[from] Spikes
|move|p1a: Exeggutor|Sleep Powder|p2a: Lavos eater|[miss]
|-miss|p1a: Exeggutor
|
|-heal|p1a: Exeggutor|288\/393|[from] item: Leftovers
|-heal|p2a: Lavos eater|490\/523|[from] item: Leftovers
|-sideend|p2: Mr.E|move: Light Screen
|upkeep
|turn|37
|
|move|p1a: Exeggutor|Sleep Powder|p2a: Lavos eater|[miss]
|-miss|p1a: Exeggutor
|move|p2a: Lavos eater|Fire Blast|p1a: Exeggutor
|-supereffective|p1a: Exeggutor
|-damage|p1a: Exeggutor|92\/393
|
|-heal|p1a: Exeggutor|116\/393|[from] item: Leftovers
|-heal|p2a: Lavos eater|522\/523|[from] item: Leftovers
|upkeep
|turn|38
|inactive|Mr.E has 150 seconds left.
|
|move|p1a: Exeggutor|Sleep Powder|p2a: Lavos eater
|-status|p2a: Lavos eater|slp|[from] move: Sleep Powder
|cant|p2a: Lavos eater|slp
|
|-heal|p1a: Exeggutor|140\/393|[from] item: Leftovers
|-heal|p2a: Lavos eater|523\/523 slp|[from] item: Leftovers
|upkeep
|turn|39
|inactive|Mr.E has 150 seconds left.
|inactive|Jimmy Turtwig has 90 seconds left.
|
|switch|p2a: Lavos wall|Blissey, F|677\/713
|-damage|p2a: Lavos wall|588\/713|[from] Spikes
|move|p1a: Exeggutor|Psychic|p2a: Lavos wall
|-damage|p2a: Lavos wall|482\/713
|-unboost|p2a: Lavos wall|spd|1
|
|-heal|p1a: Exeggutor|164\/393|[from] item: Leftovers
|-heal|p2a: Lavos wall|526\/713|[from] item: Leftovers
|upkeep
|turn|40
|inactive|Jimmy Turtwig has 60 seconds left.
|inactive|Mr.E has 120 seconds left.
|
|switch|p2a: Lavos lose|Skarmory, M|261\/333
|switch|p1a: Snorlax|Snorlax, M|281\/523
|
|-heal|p2a: Lavos lose|281\/333|[from] item: Leftovers
|-heal|p1a: Snorlax|313\/523|[from] item: Leftovers
|upkeep
|turn|41
|inactive|Mr.E has 120 seconds left.
|
|move|p1a: Snorlax|Fire Blast|p2a: Lavos lose
|-supereffective|p2a: Lavos lose
|-damage|p2a: Lavos lose|115\/333
|move|p2a: Lavos lose|Whirlwind|p1a: Snorlax
|drag|p1a: Tyranitar|Tyranitar, M|378\/403 psn
|
|-heal|p2a: Lavos lose|135\/333|[from] item: Leftovers
|-heal|p1a: Tyranitar|403\/403 psn|[from] item: Leftovers
|upkeep
|turn|42
|
|switch|p1a: Snorlax|Snorlax, M|313\/523
|move|p2a: Lavos lose|Rest|p2a: Lavos lose
|-status|p2a: Lavos lose|slp|[from] move: Rest
|-heal|p2a: Lavos lose|333\/333 slp|[silent]
|
|-heal|p1a: Snorlax|345\/523|[from] item: Leftovers
|upkeep
|turn|43
|inactive|Jimmy Turtwig has 30 seconds left.
|
|switch|p2a: Lavos wall|Blissey, F|526\/713
|-damage|p2a: Lavos wall|437\/713|[from] Spikes
|move|p1a: Snorlax|Fire Blast|p2a: Lavos wall
|-damage|p2a: Lavos wall|376\/713
|
|-heal|p2a: Lavos wall|420\/713|[from] item: Leftovers
|-heal|p1a: Snorlax|377\/523|[from] item: Leftovers
|upkeep
|turn|44
|inactive|Jimmy Turtwig has 30 seconds left.
|
|move|p2a: Lavos wall|Heal Bell|p2a: Lavos wall
|-cureteam|p2a: Lavos wall|[from] move: Heal Bell
|move|p1a: Snorlax|Double-Edge|p2a: Lavos wall
|-crit|p2a: Lavos wall
|-damage|p2a: Lavos wall|0 fnt
|-damage|p1a: Snorlax|272\/523|[from] Recoil|[of] p2a: Lavos wall
|faint|p2a: Lavos wall
|inactive|Mr.E has 90 seconds left.
|
|switch|p2a: Lavos eater|Snorlax, M|523\/523
|-damage|p2a: Lavos eater|458\/523|[from] Spikes
|
|-heal|p1a: Snorlax|304\/523|[from] item: Leftovers
|-heal|p2a: Lavos eater|490\/523|[from] item: Leftovers
|upkeep
|turn|45
|inactive|Mr.E has 90 seconds left.
|
|move|p1a: Snorlax|Self-Destruct|p2a: Lavos eater
|-damage|p2a: Lavos eater|0 fnt
|faint|p1a: Snorlax
|faint|p2a: Lavos eater
|
|switch|p1a: Raikou|Raikou|367\/367
|switch|p2a: Lavos (BAN ME PLEA|Starmie|122\/323
|-damage|p2a: Lavos (BAN ME PLEA|82\/323|[from] Spikes
|
|-heal|p2a: Lavos (BAN ME PLEA|102\/323|[from] item: Leftovers
|upkeep
|turn|46
|inactive|Mr.E has 60 seconds left.
|
|move|p1a: Raikou|Thunderbolt|p2a: Lavos (BAN ME PLEA
|-supereffective|p2a: Lavos (BAN ME PLEA
|-damage|p2a: Lavos (BAN ME PLEA|0 fnt
|faint|p2a: Lavos (BAN ME PLEA
|-message|Mr.E forfeited.
|
|win|Jimmy Turtwig
|c|☆Jimmy Turtwig|gg
|c|☆Jimmy Turtwig|rng wasnt with you
|inactive|Mr.E reconnected and has 75 seconds left.
|player|p2|Mr.E|#wcop2019usmidwest
</script>
</div>
<div class="battle-log battle-log-inline"><div class="inner"><div class="battle-options"></div><div class="inner"><div class="chat message-error">Battle timer is ON: inactive players will automatically lose when time's up.</div><div class=""><small>Format:</small> <br><strong>[Gen 2] OU</strong></div><div class=""><small><em>Sleep Clause Mod:</em> Limit one foe put to sleep</small></div><div class=""><small><em>Freeze Clause Mod:</em> Limit one foe frozen</small></div><div class=""><small><em>Species Clause:</em> Limit one of each Pokémon</small></div><div class=""><small><em>OHKO Clause:</em> OHKO moves are banned</small></div><div class=""><small><em>Evasion Moves Clause:</em> Evasion moves are banned</small></div><div class=""><small><em>HP Percentage Mod:</em> HP is shown in percentages</small></div><div class="spacer battle-history"><br></div><div class="battle-history">Battle started between Jimmy Turtwig and Mr.E!<br></div><div class="spacer battle-history"><br></div><div class="battle-history">Go! <strong>Zapdos</strong>!<br></div><div class="spacer battle-history"><br></div><div class="battle-history">Mr.E sent out Lavos eater (<strong>Snorlax</strong>)!<br></div><div class="spacer battle-history"><br></div><h2 class="battle-history">Turn 1</h2><div class="chat chatmessage-jimmyturtwig"><strong style="color:#9945d2"><small>☆</small><span class="username" data-name="Jimmy Turtwig">Jimmy Turtwig</span>:</strong> <em>hf</em></div><div class="chat chatmessage-rylon"><strong style="color:#c92fa8"><small>+</small><span class="username" data-name="rylon ★">rylon ★</span>:</strong> <em>in</em></div><div class="spacer battle-history"><br></div><div class="battle-history">Zapdos used <strong>Thunder</strong>!<br></div><div class="battle-history"><small>(The opposing Lavos eater lost <abbr title="−148/523">28.3%</abbr> of its health!)</small><br></div><div class="spacer battle-history"><br></div><div class="battle-history">The opposing Lavos eater used <strong>Lovely Kiss</strong>!<br></div><div class="battle-history"><small>The opposing Lavos eater's attack missed!</small><br></div><div class="spacer battle-history"><br></div><div class="battle-history"><small>The opposing Lavos eater restored a little HP using its Leftovers!</small><br></div><div class="spacer battle-history"><br></div><h2 class="battle-history">Turn 2</h2><div class="spacer battle-history"><br></div><div class="battle-history">Zapdos used <strong>Thunder</strong>!<br></div><div class="battle-history"><small>(The opposing Lavos eater lost <abbr title="−162/523">31.0%</abbr> of its health!)</small><br></div><div class="spacer battle-history"><br></div><div class="battle-history">The opposing Lavos eater used <strong>Double-Edge</strong>!<br></div><div class="battle-history"><small>(Zapdos lost <abbr title="−170/383">44.4%</abbr> of its health!)</small><br></div><div class="battle-history"><small>The opposing Lavos eater was damaged by the recoil!</small><br></div><div class="spacer battle-history"><br></div><div class="battle-history"><small>Zapdos restored a little HP using its Leftovers!</small><br></div><div class="battle-history"><small>The opposing Lavos eater restored a little HP using its Leftovers!</small><br></div><div class="spacer battle-history"><br></div><h2 class="battle-history">Turn 3</h2><div class="spacer battle-history"><br></div><div class="battle-history">Mr.E withdrew Lavos eater!<br></div><div class="battle-history">Mr.E sent out Lavos wall (<strong>Blissey</strong>)!<br></div><div class="spacer battle-history"><br></div><div class="battle-history">Zapdos used <strong>Thunder</strong>!<br></div><div class="battle-history"><small>(The opposing Lavos wall lost <abbr title="−141/713">19.8%</abbr> of its health!)</small><br></div><div class="battle-history"><small>The opposing Lavos wall is paralyzed! It may be unable to move!</small><br></div><div class="spacer battle-history"><br></div><div class="battle-history"><small>Zapdos restored a little HP using its Leftovers!</small><br></div><div class="battle-history"><small>The opposing Lavos wall restored a little HP using its Leftovers!</small><br></div><div class="spacer battle-history"><br></div><h2 class="battle-history">Turn 4</h2><div class="chat"><div class="broadcast-red"><strong>Moderated chat was set to ☆!</strong><br>Only users of rank ☆ and higher can talk.</div></div><div class="chat message-error">Jimmy Turtwig has 270 seconds left.</div><div class="chat message-error">Jimmy Turtwig has 240 seconds left.</div><div class="spacer battle-history"><br></div><div class="battle-history">Zapdos, come back!<br></div><div class="battle-history">Go! <strong>Tyranitar</strong>!<br></div><div class="spacer battle-history"><br></div><div class="battle-history">The opposing Lavos wall is paralyzed! It can't move!<br></div><div class="spacer battle-history"><br></div><div class="battle-history"><small>The opposing Lavos wall restored a little HP using its Leftovers!</small><br></div><div class="spacer battle-history"><br></div><h2 class="battle-history">Turn 5</h2><div class="spacer battle-history"><br></div><div class="battle-history">Mr.E withdrew Lavos wall!<br></div><div class="battle-history">Mr.E sent out Lavos sux (<strong>Umbreon</strong>)!<br></div><div class="spacer battle-history"><br></div><div class="battle-history">Tyranitar used <strong>Rock Slide</strong>!<br></div><div class="battle-history"><small>Tyranitar's attack missed!</small><br></div><div class="spacer battle-history"><br></div><h2 class="battle-history">Turn 6</h2><div class="chat message-error">Jimmy Turtwig has 210 seconds left.</div><div class="spacer battle-history"><br></div><div class="battle-history">The opposing Lavos sux used <strong>Toxic</strong>!<br></div><div class="battle-history"><small>Tyranitar was badly poisoned!</small><br></div><div class="spacer battle-history"><br></div><div class="battle-history">Tyranitar used <strong>Roar</strong>!<br></div><div class="spacer battle-history"><br></div><div class="battle-history">Lavos eater (<strong>Snorlax</strong>) was dragged out!<br></div><div class="battle-history"><small>Tyranitar was hurt by poison!</small><br></div><div class="spacer battle-history"><br></div><div class="battle-history"><small>Tyranitar restored a little HP using its Leftovers!</small><br></div><div class="battle-history"><small>The opposing Lavos eater restored a little HP using its Leftovers!</small><br></div><div class="spacer battle-history"><br></div><h2 class="battle-history">Turn 7</h2><div class="chat message-error">Jimmy Turtwig has 210 seconds left.</div><div class="chat message-error">Mr.E has 270 seconds left.</div><div class="spacer battle-history"><br></div><div class="battle-history">Tyranitar, come back!<br></div><div class="battle-history">Go! <strong>Cloyster</strong>!<br></div><div class="spacer battle-history"><br></div><div class="battle-history">Mr.E withdrew Lavos eater!<br></div><div class="battle-history">Mr.E sent out Lavos sux (<strong>Umbreon</strong>)!<br></div><div class="spacer battle-history"><br></div><h2 class="battle-history">Turn 8</h2><div class="chat message-error">Jimmy Turtwig has 210 seconds left.</div><div class="spacer battle-history"><br></div><div class="battle-history">Cloyster used <strong>Spikes</strong>!<br></div><div class="battle-history"><small>Spikes were scattered on the ground all around the opposing team!</small><br></div><div class="spacer battle-history"><br></div><div class="battle-history">The opposing Lavos sux used <strong>Toxic</strong>!<br></div><div class="battle-history"><small>Cloyster was badly poisoned!</small><br></div><div class="spacer battle-history"><br></div><h2 class="battle-history">Turn 9</h2><div class="chat message-error">Jimmy Turtwig has 210 seconds left.</div><div class="chat message-error">Mr.E has 270 seconds left.</div><div class="spacer battle-history"><br></div><div class="battle-history">Cloyster, come back!<br></div><div class="battle-history">Go! <strong>Zapdos</strong>!<br></div><div class="spacer battle-history"><br></div><div class="battle-history">Mr.E withdrew Lavos sux!<br></div><div class="battle-history">Mr.E sent out Lavos (BAN ME PLEA (<strong>Starmie</strong>)!<br></div><div class="battle-history"><small>The opposing Lavos (BAN ME PLEA was hurt by the spikes!</small><br></div><div class="spacer battle-history"><br></div><div class="battle-history"><small>The opposing Lavos (BAN ME PLEA restored a little HP using its Leftovers!</small><br></div><div class="battle-history"><small>Zapdos restored a little HP using its Leftovers!</small><br></div><div class="spacer battle-history"><br></div><h2 class="battle-history">Turn 10</h2><div class="chat message-error">Jimmy Turtwig has 210 seconds left.</div><div class="chat message-error">Mr.E has 270 seconds left.</div><div class="spacer battle-history"><br></div><div class="battle-history">Mr.E withdrew Lavos (BAN ME PLEA!<br></div><div class="battle-history">Mr.E sent out Lavos wall (<strong>Blissey</strong>)!<br></div><div class="battle-history"><small>The opposing Lavos wall was hurt by the spikes!</small><br></div><div class="spacer battle-history"><br></div><div class="battle-history">Zapdos, come back!<br></div><div class="battle-history">Go! <strong>Snorlax</strong>!<br></div><div class="spacer battle-history"><br></div><div class="battle-history"><small>The opposing Lavos wall restored a little HP using its Leftovers!</small><br></div><div class="spacer battle-history"><br></div><h2 class="battle-history">Turn 11</h2><div class="chat message-error">Jimmy Turtwig has 210 seconds left.</div><div class="chat message-error">Mr.E has 270 seconds left.</div><div class="spacer battle-history"><br></div><div class="battle-history">Snorlax used <strong>Double-Edge</strong>!<br></div><div class="battle-history"><small>(The opposing Lavos wall lost <abbr title="−379/713">53.2%</abbr> of its health!)</small><br></div><div class="battle-history"><small>Snorlax was damaged by the recoil!</small><br></div><div class="spacer battle-history"><br></div><div class="battle-history">The opposing Lavos wall used <strong>Light Screen</strong>!<br></div><div class="battle-history"><small>Light Screen made the opposing team stronger against special moves!</small><br></div><div class="spacer battle-history"><br></div><div class="battle-history"><small>Snorlax restored a little HP using its Leftovers!</small><br></div><div class="battle-history"><small>The opposing Lavos wall restored a little HP using its Leftovers!</small><br></div><div class="spacer battle-history"><br></div><h2 class="battle-history">Turn 12</h2><div class="chat message-error">Jimmy Turtwig has 210 seconds left.</div><div class="spacer battle-history"><br></div><div class="battle-history">Mr.E withdrew Lavos wall!<br></div><div class="battle-history">Mr.E sent out Lavos lose (<strong>Skarmory</strong>)!<br></div><div class="spacer battle-history"><br></div><div class="battle-history">Snorlax used <strong>Double-Edge</strong>!<br></div><div class="battle-history"><small>It's not very effective...</small><br></div><div class="battle-history"><small>(The opposing Lavos lose lost <abbr title="−58/333">17.4%</abbr> of its health!)</small><br></div><div class="battle-history"><small>Snorlax was damaged by the recoil!</small><br></div><div class="spacer battle-history"><br></div><div class="battle-history"><small>The opposing Lavos lose restored a little HP using its Leftovers!</small><br></div><div class="battle-history"><small>Snorlax restored a little HP using its Leftovers!</small><br></div><div class="spacer battle-history"><br></div><h2 class="battle-history">Turn 13</h2><div class="chat message-error">Jimmy Turtwig has 210 seconds left.</div><div class="spacer battle-history"><br></div><div class="battle-history">Snorlax, come back!<br></div><div class="battle-history">Go! <strong>Zapdos</strong>!<br></div><div class="spacer battle-history"><br></div><div class="battle-history">The opposing Lavos lose used <strong>Curse</strong>!<br></div><div class="battle-history"><small>The opposing Lavos lose's Speed fell!</small><br></div><div class="battle-history"><small>The opposing Lavos lose's Attack rose!</small><br></div><div class="battle-history"><small>The opposing Lavos lose's Defense rose!</small><br></div><div class="spacer battle-history"><br></div><div class="battle-history"><small>Zapdos restored a little HP using its Leftovers!</small><br></div><div class="battle-history"><small>The opposing Lavos lose restored a little HP using its Leftovers!</small><br></div><div class="spacer battle-history"><br></div><h2 class="battle-history">Turn 14</h2><div class="chat message-error">Mr.E has 270 seconds left.</div><div class="spacer battle-history"><br></div><div class="battle-history">Zapdos, come back!<br></div><div class="battle-history">Go! <strong>Snorlax</strong>!<br></div><div class="spacer battle-history"><br></div><div class="battle-history">Mr.E withdrew Lavos lose!<br></div><div class="battle-history">Mr.E sent out Lavos eater (<strong>Snorlax</strong>)!<br></div><div class="battle-history"><small>The opposing Lavos eater was hurt by the spikes!</small><br></div><div class="spacer battle-history"><br></div><div class="battle-history"><small>Snorlax restored a little HP using its Leftovers!</small><br></div><div class="battle-history"><small>The opposing Lavos eater restored a little HP using its Leftovers!</small><br></div><div class="spacer battle-history"><br></div><h2 class="battle-history">Turn 15</h2><div class="chat message-error">Mr.E has 270 seconds left.</div><div class="chat message-error">Jimmy Turtwig has 210 seconds left.</div><div class="spacer battle-history"><br></div><div class="battle-history">Snorlax, come back!<br></div><div class="battle-history">Go! <strong>Tyranitar</strong>!<br></div><div class="battle-history"><small>Tyranitar was hurt by poison!</small><br></div><div class="spacer battle-history"><br></div><div class="battle-history">The opposing Lavos eater used <strong>Lovely Kiss</strong>!<br></div><div class="battle-history"><small>But it failed!</small><br></div><div class="spacer battle-history"><br></div><div class="battle-history"><small>Tyranitar restored a little HP using its Leftovers!</small><br></div><div class="battle-history"><small>The opposing Lavos eater restored a little HP using its Leftovers!</small><br></div><div class="battle-history"><small>The opposing team's Light Screen wore off!</small><br></div><div class="spacer battle-history"><br></div><h2 class="battle-history">Turn 16</h2><div class="chat message-error">Mr.E has 270 seconds left.</div><div class="chat message-error">Jimmy Turtwig has 180 seconds left.</div><div class="spacer battle-history"><br></div><div class="battle-history">Tyranitar, come back!<br></div><div class="battle-history">Go! <strong>Zapdos</strong>!<br></div><div class="spacer battle-history"><br></div><div class="battle-history">The opposing Lavos eater used <strong>Rest</strong>!<br></div><div class="battle-history"><small>The opposing Lavos eater slept and became healthy!</small><br></div><div class="spacer battle-history"><br></div><div class="battle-history"><small>Zapdos restored a little HP using its Leftovers!</small><br></div><div class="spacer battle-history"><br></div><h2 class="battle-history">Turn 17</h2><div class="chat message-error">Jimmy Turtwig has 180 seconds left.</div><div class="spacer battle-history"><br></div><div class="battle-history">Zapdos, come back!<br></div><div class="battle-history">Go! <strong>Snorlax</strong>!<br></div><div class="spacer battle-history"><br></div><div class="battle-history">The opposing Lavos eater is fast asleep.<br></div><div class="spacer battle-history"><br></div><div class="battle-history"><small>Snorlax restored a little HP using its Leftovers!</small><br></div><div class="spacer battle-history"><br></div><h2 class="battle-history">Turn 18</h2><div class="chat message-error">Mr.E has 270 seconds left.</div><div class="spacer battle-history"><br></div><div class="battle-history">Mr.E withdrew Lavos eater!<br></div><div class="battle-history">Mr.E sent out Lavos lose (<strong>Skarmory</strong>)!<br></div><div class="spacer battle-history"><br></div><div class="battle-history">Snorlax used <strong>Double-Edge</strong>!<br></div><div class="battle-history"><small>It's not very effective...</small><br></div><div class="battle-history"><small>(The opposing Lavos lose lost <abbr title="−60/333">18.0%</abbr> of its health!)</small><br></div><div class="battle-history"><small>Snorlax was damaged by the recoil!</small><br></div><div class="spacer battle-history"><br></div><div class="battle-history"><small>The opposing Lavos lose restored a little HP using its Leftovers!</small><br></div><div class="battle-history"><small>Snorlax restored a little HP using its Leftovers!</small><br></div><div class="spacer battle-history"><br></div><h2 class="battle-history">Turn 19</h2><div class="chat message-error">Mr.E has 270 seconds left.</div><div class="spacer battle-history"><br></div><div class="battle-history">Snorlax used <strong>Double-Edge</strong>!<br></div><div class="battle-history"><small>It's not very effective...</small><br></div><div class="battle-history"><small>(The opposing Lavos lose lost <abbr title="−54/333">16.2%</abbr> of its health!)</small><br></div><div class="battle-history"><small>Snorlax was damaged by the recoil!</small><br></div><div class="spacer battle-history"><br></div><div class="battle-history">The opposing Lavos lose used <strong>Whirlwind</strong>!<br></div><div class="spacer battle-history"><br></div><div class="battle-history"><strong>Exeggutor</strong> was dragged out!<br></div><div class="spacer battle-history"><br></div><div class="battle-history"><small>The opposing Lavos lose restored a little HP using its Leftovers!</small><br></div><div class="spacer battle-history"><br></div><h2 class="battle-history">Turn 20</h2><div class="chat message-error">Mr.E has 270 seconds left.</div><div class="spacer battle-history"><br></div><div class="battle-history">Mr.E withdrew Lavos lose!<br></div><div class="battle-history">Mr.E sent out Lavos sux (<strong>Umbreon</strong>)!<br></div><div class="battle-history"><small>The opposing Lavos sux was hurt by the spikes!</small><br></div><div class="spacer battle-history"><br></div><div class="battle-history">Exeggutor used <strong>Psychic</strong>!<br></div><div class="battle-history"><small>It doesn't affect the opposing Lavos sux...</small><br></div><div class="spacer battle-history"><br></div><div class="battle-history"><small>The opposing Lavos sux restored a little HP using its Leftovers!</small><br></div><div class="spacer battle-history"><br></div><h2 class="battle-history">Turn 21</h2><div class="chat message-error">Mr.E has 270 seconds left.</div><div class="chat message-error">Jimmy Turtwig has 150 seconds left.</div><div class="spacer battle-history"><br></div><div class="battle-history">Exeggutor, come back!<br></div><div class="battle-history">Go! <strong>Zapdos</strong>!<br></div><div class="spacer battle-history"><br></div><div class="battle-history">The opposing Lavos sux used <strong>Toxic</strong>!<br></div><div class="battle-history"><small>Zapdos was badly poisoned!</small><br></div><div class="spacer battle-history"><br></div><div class="battle-history"><small>Zapdos restored a little HP using its Leftovers!</small><br></div><div class="battle-history"><small>The opposing Lavos sux restored a little HP using its Leftovers!</small><br></div><div class="spacer battle-history"><br></div><h2 class="battle-history">Turn 22</h2><div class="chat message-error">Mr.E has 270 seconds left.</div><div class="chat message-error">Jimmy Turtwig has 120 seconds left.</div><div class="spacer battle-history"><br></div><div class="battle-history">Zapdos used <strong>Thunder</strong>!<br></div><div class="battle-history"><small>A critical hit!</small><br></div><div class="battle-history"><small>(The opposing Lavos sux lost <abbr title="−259/393">65.9%</abbr> of its health!)</small><br></div><div class="battle-history"><small>The opposing Lavos sux is paralyzed! It may be unable to move!</small><br></div><div class="battle-history"><small>Zapdos was hurt by poison!</small><br></div><div class="spacer battle-history"><br></div><div class="battle-history">The opposing Lavos sux used <strong>Charm</strong>!<br></div><div class="battle-history"><small>Zapdos's Attack fell harshly!</small><br></div><div class="spacer battle-history"><br></div><div class="battle-history"><small>Zapdos restored a little HP using its Leftovers!</small><br></div><div class="battle-history"><small>The opposing Lavos sux restored a little HP using its Leftovers!</small><br></div><div class="spacer battle-history"><br></div><h2 class="battle-history">Turn 23</h2><div class="chat message-error">Jimmy Turtwig has 120 seconds left.</div><div class="spacer battle-history"><br></div><div class="battle-history">Zapdos used <strong>Thunder</strong>!<br></div><div class="battle-history"><small>(The opposing Lavos sux lost <abbr title="−142/393">36.1%</abbr> of its health!)</small><br></div><div class="battle-history"><small>Zapdos was hurt by poison!</small><br></div><div class="spacer battle-history"><br></div><div class="battle-history">The opposing Lavos sux is paralyzed! It can't move!<br></div><div class="spacer battle-history"><br></div><div class="battle-history"><small>Zapdos restored a little HP using its Leftovers!</small><br></div><div class="battle-history"><small>The opposing Lavos sux restored a little HP using its Leftovers!</small><br></div><div class="spacer battle-history"><br></div><h2 class="battle-history">Turn 24</h2><div class="chat message-error">Mr.E has 240 seconds left.</div><div class="spacer battle-history"><br></div><div class="battle-history">Mr.E withdrew Lavos sux!<br></div><div class="battle-history">Mr.E sent out Lavos wall (<strong>Blissey</strong>)!<br></div><div class="battle-history"><small>The opposing Lavos wall was hurt by the spikes!</small><br></div><div class="spacer battle-history"><br></div><div class="battle-history">Zapdos used <strong>Hidden Power</strong>!<br></div><div class="battle-history"><small>(The opposing Lavos wall lost <abbr title="−51/713">7.2%</abbr> of its health!)</small><br></div><div class="battle-history"><small>Zapdos was hurt by poison!</small><br></div><div class="spacer battle-history"><br></div><div class="battle-history"><small>Zapdos restored a little HP using its Leftovers!</small><br></div><div class="battle-history"><small>The opposing Lavos wall restored a little HP using its Leftovers!</small><br></div><div class="spacer battle-history"><br></div><h2 class="battle-history">Turn 25</h2><div class="chat message-error">Mr.E has 240 seconds left.</div><div class="spacer battle-history"><br></div><div class="battle-history">Zapdos, come back!<br></div><div class="battle-history">Go! <strong>Snorlax</strong>!<br></div><div class="spacer battle-history"><br></div><div class="battle-history">The opposing Lavos wall used <strong>Heal Bell</strong>!<br></div><div class="battle-history"><small>A bell chimed!</small><br></div><div class="spacer battle-history"><br></div><div class="battle-history"><small>The opposing Lavos wall restored a little HP using its Leftovers!</small><br></div><div class="battle-history"><small>Snorlax restored a little HP using its Leftovers!</small><br></div><div class="spacer battle-history"><br></div><h2 class="battle-history">Turn 26</h2><div class="spacer battle-history"><br></div><div class="battle-history">The opposing Lavos wall used <strong>Soft-Boiled</strong>!<br></div><div class="battle-history"><small>The opposing Lavos wall had its HP restored.</small><br></div><div class="spacer battle-history"><br></div><div class="battle-history">Snorlax used <strong>Double-Edge</strong>!<br></div><div class="battle-history"><small>(The opposing Lavos wall lost <abbr title="−375/713">52.6%</abbr> of its health!)</small><br></div><div class="battle-history"><small>Snorlax was damaged by the recoil!</small><br></div><div class="spacer battle-history"><br></div><div class="battle-history"><small>The opposing Lavos wall restored a little HP using its Leftovers!</small><br></div><div class="battle-history"><small>Snorlax restored a little HP using its Leftovers!</small><br></div><div class="spacer battle-history"><br></div><h2 class="battle-history">Turn 27</h2><div class="spacer battle-history"><br></div><div class="battle-history">The opposing Lavos wall used <strong>Soft-Boiled</strong>!<br></div><div class="battle-history"><small>The opposing Lavos wall had its HP restored.</small><br></div><div class="spacer battle-history"><br></div><div class="battle-history">Snorlax used <strong>Double-Edge</strong>!<br></div><div class="battle-history"><small>(The opposing Lavos wall lost <abbr title="−368/713">51.6%</abbr> of its health!)</small><br></div><div class="battle-history"><small>Snorlax was damaged by the recoil!</small><br></div><div class="spacer battle-history"><br></div><div class="battle-history"><small>The opposing Lavos wall restored a little HP using its Leftovers!</small><br></div><div class="battle-history"><small>Snorlax restored a little HP using its Leftovers!</small><br></div><div class="spacer battle-history"><br></div><h2 class="battle-history">Turn 28</h2><div class="chat message-error">Mr.E has 240 seconds left.</div><div class="spacer battle-history"><br></div><div class="battle-history">The opposing Lavos wall used <strong>Soft-Boiled</strong>!<br></div><div class="battle-history"><small>The opposing Lavos wall had its HP restored.</small><br></div><div class="spacer battle-history"><br></div><div class="battle-history">Snorlax used <strong>Double-Edge</strong>!<br></div><div class="battle-history"><small>(The opposing Lavos wall lost <abbr title="−353/713">49.5%</abbr> of its health!)</small><br></div><div class="battle-history"><small>Snorlax was damaged by the recoil!</small><br></div><div class="spacer battle-history"><br></div><div class="battle-history"><small>The opposing Lavos wall restored a little HP using its Leftovers!</small><br></div><div class="battle-history"><small>Snorlax restored a little HP using its Leftovers!</small><br></div><div class="spacer battle-history"><br></div><h2 class="battle-history">Turn 29</h2><div class="chat message-error">Jimmy Turtwig has 120 seconds left.</div><div class="spacer battle-history"><br></div><div class="battle-history">The opposing Lavos wall used <strong>Soft-Boiled</strong>!<br></div><div class="battle-history"><small>The opposing Lavos wall had its HP restored.</small><br></div><div class="spacer battle-history"><br></div><div class="battle-history">Snorlax used <strong>Double-Edge</strong>!<br></div><div class="battle-history"><small>(The opposing Lavos wall lost <abbr title="−389/713">54.6%</abbr> of its health!)</small><br></div><div class="battle-history"><small>Snorlax was damaged by the recoil!</small><br></div><div class="spacer battle-history"><br></div><div class="battle-history"><small>The opposing Lavos wall restored a little HP using its Leftovers!</small><br></div><div class="battle-history"><small>Snorlax restored a little HP using its Leftovers!</small><br></div><div class="spacer battle-history"><br></div><h2 class="battle-history">Turn 30</h2><div class="spacer battle-history"><br></div><div class="battle-history">Mr.E withdrew Lavos wall!<br></div><div class="battle-history">Mr.E sent out Lavos lose (<strong>Skarmory</strong>)!<br></div><div class="spacer battle-history"><br></div><div class="battle-history">Snorlax, come back!<br></div><div class="battle-history">Go! <strong>Exeggutor</strong>!<br></div><div class="spacer battle-history"><br></div><div class="battle-history"><small>The opposing Lavos lose restored a little HP using its Leftovers!</small><br></div><div class="spacer battle-history"><br></div><h2 class="battle-history">Turn 31</h2><div class="chat message-error">Mr.E has 210 seconds left.</div><div class="spacer battle-history"><br></div><div class="battle-history">Mr.E withdrew Lavos lose!<br></div><div class="battle-history">Mr.E sent out Lavos (BAN ME PLEA (<strong>Starmie</strong>)!<br></div><div class="battle-history"><small>The opposing Lavos (BAN ME PLEA was hurt by the spikes!</small><br></div><div class="spacer battle-history"><br></div><div class="battle-history">Exeggutor, come back!<br></div><div class="battle-history">Go! <strong>Zapdos</strong>!<br></div><div class="battle-history"><small>Zapdos was hurt by poison!</small><br></div><div class="spacer battle-history"><br></div><div class="battle-history"><small>The opposing Lavos (BAN ME PLEA restored a little HP using its Leftovers!</small><br></div><div class="battle-history"><small>Zapdos restored a little HP using its Leftovers!</small><br></div><div class="spacer battle-history"><br></div><h2 class="battle-history">Turn 32</h2><div class="chat message-error">Jimmy Turtwig has 90 seconds left.</div><div class="spacer battle-history"><br></div><div class="battle-history">The opposing Lavos (BAN ME PLEA used <strong>Light Screen</strong>!<br></div><div class="battle-history"><small>Light Screen made the opposing team stronger against special moves!</small><br></div><div class="spacer battle-history"><br></div><div class="battle-history">Zapdos used <strong>Thunder</strong>!<br></div><div class="battle-history"><small>It's super effective!</small><br></div><div class="battle-history"><small>(The opposing Lavos (BAN ME PLEA lost <abbr title="−181/323">56.0%</abbr> of its health!)</small><br></div><div class="battle-history"><small>The opposing Lavos (BAN ME PLEA is paralyzed! It may be unable to move!</small><br></div><div class="battle-history"><small>Zapdos was hurt by poison!</small><br></div><div class="spacer battle-history"><br></div><div class="battle-history"><small>Zapdos restored a little HP using its Leftovers!</small><br></div><div class="battle-history"><small>The opposing Lavos (BAN ME PLEA restored a little HP using its Leftovers!</small><br></div><div class="spacer battle-history"><br></div><h2 class="battle-history">Turn 33</h2><div class="chat message-error">Jimmy Turtwig has 90 seconds left.</div><div class="chat message-error">Mr.E has 180 seconds left.</div><div class="spacer battle-history"><br></div><div class="battle-history">Mr.E withdrew Lavos (BAN ME PLEA!<br></div><div class="battle-history">Mr.E sent out Lavos wall (<strong>Blissey</strong>)!<br></div><div class="battle-history"><small>The opposing Lavos wall was hurt by the spikes!</small><br></div><div class="spacer battle-history"><br></div><div class="battle-history">Zapdos used <strong>Thunder</strong>!<br></div><div class="battle-history"><small>(The opposing Lavos wall lost <abbr title="−70/713">9.8%</abbr> of its health!)</small><br></div><div class="battle-history"><small>Zapdos was hurt by poison!</small><br></div><div class="spacer battle-history"><br></div><div class="battle-history"><small>Zapdos restored a little HP using its Leftovers!</small><br></div><div class="battle-history"><small>The opposing Lavos wall restored a little HP using its Leftovers!</small><br></div><div class="spacer battle-history"><br></div><h2 class="battle-history">Turn 34</h2><div class="chat message-error">Jimmy Turtwig has 90 seconds left.</div><div class="spacer battle-history"><br></div><div class="battle-history">Zapdos, come back!<br></div><div class="battle-history">Go! <strong>Exeggutor</strong>!<br></div><div class="spacer battle-history"><br></div><div class="battle-history">The opposing Lavos wall used <strong>Soft-Boiled</strong>!<br></div><div class="battle-history"><small>The opposing Lavos wall had its HP restored.</small><br></div><div class="spacer battle-history"><br></div><div class="battle-history"><small>The opposing Lavos wall restored a little HP using its Leftovers!</small><br></div><div class="spacer battle-history"><br></div><h2 class="battle-history">Turn 35</h2><div class="chat message-error">Jimmy Turtwig has 90 seconds left.</div><div class="chat message-error">Mr.E has 180 seconds left.</div><div class="spacer battle-history"><br></div><div class="battle-history">The opposing Lavos wall used <strong>Ice Beam</strong>!<br></div><div class="battle-history"><small>It's super effective!</small><br></div><div class="battle-history"><small>(Exeggutor lost <abbr title="−153/393">38.9%</abbr> of its health!)</small><br></div><div class="spacer battle-history"><br></div><div class="battle-history">Exeggutor used <strong>Sleep Powder</strong>!<br></div><div class="battle-history"><small>Exeggutor's attack missed!</small><br></div><div class="spacer battle-history"><br></div><div class="battle-history"><small>The opposing Lavos wall restored a little HP using its Leftovers!</small><br></div><div class="battle-history"><small>Exeggutor restored a little HP using its Leftovers!</small><br></div><div class="spacer battle-history"><br></div><h2 class="battle-history">Turn 36</h2><div class="chat message-error">Mr.E has 180 seconds left.</div><div class="spacer battle-history"><br></div><div class="battle-history">Mr.E withdrew Lavos wall!<br></div><div class="battle-history">Mr.E sent out Lavos eater (<strong>Snorlax</strong>)!<br></div><div class="battle-history"><small>The opposing Lavos eater was hurt by the spikes!</small><br></div><div class="spacer battle-history"><br></div><div class="battle-history">Exeggutor used <strong>Sleep Powder</strong>!<br></div><div class="battle-history"><small>Exeggutor's attack missed!</small><br></div><div class="spacer battle-history"><br></div><div class="battle-history"><small>Exeggutor restored a little HP using its Leftovers!</small><br></div><div class="battle-history"><small>The opposing Lavos eater restored a little HP using its Leftovers!</small><br></div><div class="battle-history"><small>The opposing team's Light Screen wore off!</small><br></div><div class="spacer battle-history"><br></div><h2 class="battle-history">Turn 37</h2><div class="spacer battle-history"><br></div><div class="battle-history">Exeggutor used <strong>Sleep Powder</strong>!<br></div><div class="battle-history"><small>Exeggutor's attack missed!</small><br></div><div class="spacer battle-history"><br></div><div class="battle-history">The opposing Lavos eater used <strong>Fire Blast</strong>!<br></div><div class="battle-history"><small>It's super effective!</small><br></div><div class="battle-history"><small>(Exeggutor lost <abbr title="−196/393">49.9%</abbr> of its health!)</small><br></div><div class="spacer battle-history"><br></div><div class="battle-history"><small>Exeggutor restored a little HP using its Leftovers!</small><br></div><div class="battle-history"><small>The opposing Lavos eater restored a little HP using its Leftovers!</small><br></div><div class="spacer battle-history"><br></div><h2 class="battle-history">Turn 38</h2><div class="chat message-error">Mr.E has 150 seconds left.</div><div class="spacer battle-history"><br></div><div class="battle-history">Exeggutor used <strong>Sleep Powder</strong>!<br></div><div class="battle-history"><small>The opposing Lavos eater fell asleep!</small><br></div><div class="spacer battle-history"><br></div><div class="battle-history">The opposing Lavos eater is fast asleep.<br></div><div class="spacer battle-history"><br></div><div class="battle-history"><small>Exeggutor restored a little HP using its Leftovers!</small><br></div><div class="battle-history"><small>The opposing Lavos eater restored a little HP using its Leftovers!</small><br></div><div class="spacer battle-history"><br></div><h2 class="battle-history">Turn 39</h2><div class="chat message-error">Mr.E has 150 seconds left.</div><div class="chat message-error">Jimmy Turtwig has 90 seconds left.</div><div class="spacer battle-history"><br></div><div class="battle-history">Mr.E withdrew Lavos eater!<br></div><div class="battle-history">Mr.E sent out Lavos wall (<strong>Blissey</strong>)!<br></div><div class="battle-history"><small>The opposing Lavos wall was hurt by the spikes!</small><br></div><div class="spacer battle-history"><br></div><div class="battle-history">Exeggutor used <strong>Psychic</strong>!<br></div><div class="battle-history"><small>(The opposing Lavos wall lost <abbr title="−106/713">14.9%</abbr> of its health!)</small><br></div><div class="battle-history"><small>The opposing Lavos wall's Sp. Def fell!</small><br></div><div class="spacer battle-history"><br></div><div class="battle-history"><small>Exeggutor restored a little HP using its Leftovers!</small><br></div><div class="battle-history"><small>The opposing Lavos wall restored a little HP using its Leftovers!</small><br></div><div class="spacer battle-history"><br></div><h2 class="battle-history">Turn 40</h2><div class="chat message-error">Jimmy Turtwig has 60 seconds left.</div><div class="chat message-error">Mr.E has 120 seconds left.</div><div class="spacer battle-history"><br></div><div class="battle-history">Mr.E withdrew Lavos wall!<br></div><div class="battle-history">Mr.E sent out Lavos lose (<strong>Skarmory</strong>)!<br></div><div class="spacer battle-history"><br></div><div class="battle-history">Exeggutor, come back!<br></div><div class="battle-history">Go! <strong>Snorlax</strong>!<br></div><div class="spacer battle-history"><br></div><div class="battle-history"><small>The opposing Lavos lose restored a little HP using its Leftovers!</small><br></div><div class="battle-history"><small>Snorlax restored a little HP using its Leftovers!</small><br></div><div class="spacer battle-history"><br></div><h2 class="battle-history">Turn 41</h2><div class="chat message-error">Mr.E has 120 seconds left.</div><div class="spacer battle-history"><br></div><div class="battle-history">Snorlax used <strong>Fire Blast</strong>!<br></div><div class="battle-history"><small>It's super effective!</small><br></div><div class="battle-history"><small>(The opposing Lavos lose lost <abbr title="−166/333">49.8%</abbr> of its health!)</small><br></div><div class="spacer battle-history"><br></div><div class="battle-history">The opposing Lavos lose used <strong>Whirlwind</strong>!<br></div><div class="spacer battle-history"><br></div><div class="battle-history"><strong>Tyranitar</strong> was dragged out!<br></div><div class="spacer battle-history"><br></div><div class="battle-history"><small>The opposing Lavos lose restored a little HP using its Leftovers!</small><br></div><div class="battle-history"><small>Tyranitar restored a little HP using its Leftovers!</small><br></div><div class="spacer battle-history"><br></div><h2 class="battle-history">Turn 42</h2><div class="spacer battle-history"><br></div><div class="battle-history">Tyranitar, come back!<br></div><div class="battle-history">Go! <strong>Snorlax</strong>!<br></div><div class="spacer battle-history"><br></div><div class="battle-history">The opposing Lavos lose used <strong>Rest</strong>!<br></div><div class="battle-history"><small>The opposing Lavos lose slept and became healthy!</small><br></div><div class="spacer battle-history"><br></div><div class="battle-history"><small>Snorlax restored a little HP using its Leftovers!</small><br></div><div class="spacer battle-history"><br></div><h2 class="battle-history">Turn 43</h2><div class="chat message-error">Jimmy Turtwig has 30 seconds left.</div><div class="spacer battle-history"><br></div><div class="battle-history">Mr.E withdrew Lavos lose!<br></div><div class="battle-history">Mr.E sent out Lavos wall (<strong>Blissey</strong>)!<br></div><div class="battle-history"><small>The opposing Lavos wall was hurt by the spikes!</small><br></div><div class="spacer battle-history"><br></div><div class="battle-history">Snorlax used <strong>Fire Blast</strong>!<br></div><div class="battle-history"><small>(The opposing Lavos wall lost <abbr title="−61/713">8.6%</abbr> of its health!)</small><br></div><div class="spacer battle-history"><br></div><div class="battle-history"><small>The opposing Lavos wall restored a little HP using its Leftovers!</small><br></div><div class="battle-history"><small>Snorlax restored a little HP using its Leftovers!</small><br></div><div class="spacer battle-history"><br></div><h2 class="battle-history">Turn 44</h2><div class="chat message-error">Jimmy Turtwig has 30 seconds left.</div><div class="spacer battle-history"><br></div><div class="battle-history">The opposing Lavos wall used <strong>Heal Bell</strong>!<br></div><div class="battle-history"><small>A bell chimed!</small><br></div><div class="spacer battle-history"><br></div><div class="battle-history">Snorlax used <strong>Double-Edge</strong>!<br></div><div class="battle-history"><small>A critical hit!</small><br></div><div class="battle-history"><small>(The opposing Lavos wall lost <abbr title="−420/713">58.9%</abbr> of its health!)</small><br></div><div class="battle-history"><small>Snorlax was damaged by the recoil!</small><br></div><div class="spacer battle-history"><br></div><div class="battle-history">The opposing Lavos wall fainted!<br></div><div class="chat message-error">Mr.E has 90 seconds left.</div><div class="spacer battle-history"><br></div><div class="battle-history">Mr.E sent out Lavos eater (<strong>Snorlax</strong>)!<br></div><div class="battle-history"><small>The opposing Lavos eater was hurt by the spikes!</small><br></div><div class="spacer battle-history"><br></div><div class="battle-history"><small>Snorlax restored a little HP using its Leftovers!</small><br></div><div class="battle-history"><small>The opposing Lavos eater restored a little HP using its Leftovers!</small><br></div><div class="spacer battle-history"><br></div><h2 class="battle-history">Turn 45</h2><div class="chat message-error">Mr.E has 90 seconds left.</div><div class="spacer battle-history"><br></div><div class="battle-history">Snorlax used <strong>Self-Destruct</strong>!<br></div><div class="battle-history"><small>(The opposing Lavos eater lost <abbr title="−490/523">93.7%</abbr> of its health!)</small><br></div><div class="spacer battle-history"><br></div><div class="battle-history">Snorlax fainted!<br></div><div class="battle-history">The opposing Lavos eater fainted!<br></div><div class="spacer battle-history"><br></div><div class="battle-history">Go! <strong>Raikou</strong>!<br></div><div class="spacer battle-history"><br></div><div class="battle-history">Mr.E sent out Lavos (BAN ME PLEA (<strong>Starmie</strong>)!<br></div><div class="battle-history"><small>The opposing Lavos (BAN ME PLEA was hurt by the spikes!</small><br></div><div class="spacer battle-history"><br></div><div class="battle-history"><small>The opposing Lavos (BAN ME PLEA restored a little HP using its Leftovers!</small><br></div><div class="spacer battle-history"><br></div><h2 class="battle-history">Turn 46</h2><div class="chat message-error">Mr.E has 60 seconds left.</div><div class="spacer battle-history"><br></div><div class="battle-history">Raikou used <strong>Thunderbolt</strong>!<br></div><div class="battle-history"><small>It's super effective!</small><br></div><div class="battle-history"><small>(The opposing Lavos (BAN ME PLEA lost <abbr title="−102/323">31.6%</abbr> of its health!)</small><br></div><div class="spacer battle-history"><br></div><div class="battle-history">The opposing Lavos (BAN ME PLEA fainted!<br></div><div class="battle-history"><small>Mr.E forfeited.</small><br></div><div class="spacer battle-history"><br></div><div class="battle-history"><strong>Jimmy Turtwig</strong> won the battle!<br></div><div class="chat chatmessage-jimmyturtwig"><strong style="color:#9945d2"><small>☆</small><span class="username" data-name="Jimmy Turtwig">Jimmy Turtwig</span>:</strong> <em>gg</em></div><div class="chat chatmessage-jimmyturtwig"><strong style="color:#9945d2"><small>☆</small><span class="username" data-name="Jimmy Turtwig">Jimmy Turtwig</span>:</strong> <em>rng wasnt with you</em></div><div class="chat message-error">Mr.E reconnected and has 75 seconds left.</div></div><div class="inner-preempt"></div></div></div>
</div>
<script>
let daily = Math.floor(Date.now()/1000/60/60/24);document.write('<script src="https://play.pokemonshowdown.com/js/replay-embed.js?version'+daily+'"></'+'script>');
</script>
