<!DOCTYPE html>
<meta charset="utf-8" />
<!-- version 1 -->
<title>[Gen 2] OU replay: the parrot97 vs. the pirate99</title>
<style>
html,body {font-family:Verdana, sans-serif;font-size:10pt;margin:0;padding:0;}body{padding:12px 0;} .battle-log {font-family:Verdana, sans-serif;font-size:10pt;} .battle-log-inline {border:1px solid #AAAAAA;background:#EEF2F5;color:black;max-width:640px;margin:0 auto 80px;padding-bottom:5px;} .battle-log .inner {padding:4px 8px 0px 8px;} .battle-log .inner-preempt {padding:0 8px 4px 8px;} .battle-log .inner-after {margin-top:0.5em;} .battle-log h2 {margin:0.5em -8px;padding:4px 8px;border:1px solid #AAAAAA;background:#E0E7EA;border-left:0;border-right:0;font-family:Verdana, sans-serif;font-size:13pt;} .battle-log .chat {vertical-align:middle;padding:3px 0 3px 0;font-size:8pt;} .battle-log .chat strong {color:#40576A;} .battle-log .chat em {padding:1px 4px 1px 3px;color:#000000;font-style:normal;} .chat.mine {background:rgba(0,0,0,0.05);margin-left:-8px;margin-right:-8px;padding-left:8px;padding-right:8px;} .spoiler {color:#BBBBBB;background:#BBBBBB;padding:0px 3px;} .spoiler:hover, .spoiler:active, .spoiler-shown {color:#000000;background:#E2E2E2;padding:0px 3px;} .spoiler a {color:#BBBBBB;} .spoiler:hover a, .spoiler:active a, .spoiler-shown a {color:#2288CC;} .chat code, .chat .spoiler:hover code, .chat .spoiler:active code, .chat .spoiler-shown code {border:1px solid #C0C0C0;background:#EEEEEE;color:black;padding:0 2px;} .chat .spoiler code {border:1px solid #CCCCCC;background:#CCCCCC;color:#CCCCCC;} .battle-log .rated {padding:3px 4px;} .battle-log .rated strong {color:white;background:#89A;padding:1px 4px;border-radius:4px;} .spacer {margin-top:0.5em;} .message-announce {background:#6688AA;color:white;padding:1px 4px 2px;} .message-announce a, .broadcast-green a, .broadcast-blue a, .broadcast-red a {color:#DDEEFF;} .broadcast-green {background-color:#559955;color:white;padding:2px 4px;} .broadcast-blue {background-color:#6688AA;color:white;padding:2px 4px;} .infobox {border:1px solid #6688AA;padding:2px 4px;} .infobox-limited {max-height:200px;overflow:auto;overflow-x:hidden;} .broadcast-red {background-color:#AA5544;color:white;padding:2px 4px;} .message-learn-canlearn {font-weight:bold;color:#228822;text-decoration:underline;} .message-learn-cannotlearn {font-weight:bold;color:#CC2222;text-decoration:underline;} .message-effect-weak {font-weight:bold;color:#CC2222;} .message-effect-resist {font-weight:bold;color:#6688AA;} .message-effect-immune {font-weight:bold;color:#666666;} .message-learn-list {margin-top:0;margin-bottom:0;} .message-throttle-notice, .message-error {color:#992222;} .message-overflow, .chat small.message-overflow {font-size:0pt;} .message-overflow::before {font-size:9pt;content:'...';} .subtle {color:#3A4A66;}
</style>
<div class="wrapper replay-wrapper" style="max-width:1180px;margin:0 auto">
<input type="hidden" name="replayid" value="smogtours-gen2ou-445761" />
<div class="battle"></div><div class="battle-log"></div><div class="replay-controls"></div><div class="replay-controls-2"></div>
<h1 style="font-weight:normal;text-align:center"><strong>[Gen 2] OU</strong><br /><a href="http://pokemonshowdown.com/users/theparrot97" class="subtle" target="_blank">the parrot97</a> vs. <a href="http://pokemonshowdown.com/users/thepirate99" class="subtle" target="_blank">the pirate99</a></h1>
<script type="text/plain" class="battle-log-data">|inactive|Battle timer is ON: inactive players will automatically lose when time's up.
|player|p1|the parrot97|blackbelt-gen2
|player|p2|the pirate99|1
|teamsize|p1|6
|teamsize|p2|6
|gametype|singles
|gen|2
|tier|[Gen 2] OU
|rule|Sleep Clause Mod: Limit one foe put to sleep
|rule|Freeze Clause Mod: Limit one foe frozen
|rule|Species Clause: Limit one of each Pokémon
|rule|OHKO Clause: OHKO moves are banned
|rule|Evasion Moves Clause: Evasion moves are banned
|rule|HP Percentage Mod: HP is shown in percentages
|
|start
|switch|p1a: scuse me sharty|Exeggutor, M|393\/393
|switch|p2a: Her Royal Highness|Jynx, F|333\/333
|turn|1
|
|switch|p1a: sneak to da bo|Snorlax, M|523\/523
|move|p2a: Her Royal Highness|Substitute|p2a: Her Royal Highness
|-start|p2a: Her Royal Highness|Substitute
|-damage|p2a: Her Royal Highness|250\/333
|
|-heal|p2a: Her Royal Highness|270\/333|[from] item: Leftovers
|upkeep
|turn|2
|
|move|p2a: Her Royal Highness|Lovely Kiss|p1a: sneak to da bo|[miss]
|-miss|p2a: Her Royal Highness
|move|p1a: sneak to da bo|Double-Edge|p2a: Her Royal Highness
|-end|p2a: Her Royal Highness|Substitute
|-damage|p1a: sneak to da bo|522\/523|[from] Recoil|[of] p2a: Her Royal Highness
|
|-heal|p2a: Her Royal Highness|290\/333|[from] item: Leftovers
|-heal|p1a: sneak to da bo|523\/523|[from] item: Leftovers
|upkeep
|turn|3
|
|move|p2a: Her Royal Highness|Substitute|p2a: Her Royal Highness
|-start|p2a: Her Royal Highness|Substitute
|-damage|p2a: Her Royal Highness|207\/333
|move|p1a: sneak to da bo|Double-Edge|p2a: Her Royal Highness
|-end|p2a: Her Royal Highness|Substitute
|-damage|p1a: sneak to da bo|522\/523|[from] Recoil|[of] p2a: Her Royal Highness
|
|-heal|p2a: Her Royal Highness|227\/333|[from] item: Leftovers
|-heal|p1a: sneak to da bo|523\/523|[from] item: Leftovers
|upkeep
|turn|4
|inactive|the parrot97 has 270 seconds left.
|
|move|p2a: Her Royal Highness|Lovely Kiss|p1a: sneak to da bo|[miss]
|-miss|p2a: Her Royal Highness
|move|p1a: sneak to da bo|Curse|p1a: sneak to da bo
|-unboost|p1a: sneak to da bo|spe|1
|-boost|p1a: sneak to da bo|atk|1
|-boost|p1a: sneak to da bo|def|1
|
|-heal|p2a: Her Royal Highness|247\/333|[from] item: Leftovers
|upkeep
|turn|5
|
|move|p2a: Her Royal Highness|Substitute|p2a: Her Royal Highness
|-start|p2a: Her Royal Highness|Substitute
|-damage|p2a: Her Royal Highness|164\/333
|move|p1a: sneak to da bo|Double-Edge|p2a: Her Royal Highness
|-end|p2a: Her Royal Highness|Substitute
|-damage|p1a: sneak to da bo|522\/523|[from] Recoil|[of] p2a: Her Royal Highness
|
|-heal|p2a: Her Royal Highness|184\/333|[from] item: Leftovers
|-heal|p1a: sneak to da bo|523\/523|[from] item: Leftovers
|upkeep
|turn|6
|inactive|the parrot97 has 270 seconds left.
|
|move|p2a: Her Royal Highness|Lovely Kiss|p1a: sneak to da bo
|-status|p1a: sneak to da bo|slp|[from] move: Lovely Kiss
|cant|p1a: sneak to da bo|slp
|
|-heal|p2a: Her Royal Highness|204\/333|[from] item: Leftovers
|upkeep
|turn|7
|raw|<div class="broadcast-red"><strong>Moderated chat was set to ☆!<\/strong><br \/>Only users of rank ☆ and higher can talk.<\/div>
|
|move|p2a: Her Royal Highness|Substitute|p2a: Her Royal Highness
|-start|p2a: Her Royal Highness|Substitute
|-damage|p2a: Her Royal Highness|121\/333
|cant|p1a: sneak to da bo|slp
|move|p1a: sneak to da bo|Sleep Talk|p1a: sneak to da bo
|move|p1a: sneak to da bo|Double-Edge|p2a: Her Royal Highness|[from]Sleep Talk
|-end|p2a: Her Royal Highness|Substitute
|-damage|p1a: sneak to da bo|522\/523 slp|[from] Recoil|[of] p2a: Her Royal Highness
|
|-heal|p2a: Her Royal Highness|141\/333|[from] item: Leftovers
|-heal|p1a: sneak to da bo|523\/523 slp|[from] item: Leftovers
|upkeep
|turn|8
|inactive|the parrot97 has 270 seconds left.
|
|move|p2a: Her Royal Highness|Substitute|p2a: Her Royal Highness
|-start|p2a: Her Royal Highness|Substitute
|-damage|p2a: Her Royal Highness|58\/333
|-curestatus|p1a: sneak to da bo|slp|[msg]
|move|p1a: sneak to da bo|Sleep Talk|p1a: sneak to da bo
|-fail|p1a: sneak to da bo
|
|-heal|p2a: Her Royal Highness|78\/333|[from] item: Leftovers
|upkeep
|turn|9
|
|move|p2a: Her Royal Highness|Lovely Kiss|p1a: sneak to da bo|[miss]
|-miss|p2a: Her Royal Highness
|move|p1a: sneak to da bo|Double-Edge|p2a: Her Royal Highness
|-end|p2a: Her Royal Highness|Substitute
|-damage|p1a: sneak to da bo|522\/523|[from] Recoil|[of] p2a: Her Royal Highness
|
|-heal|p2a: Her Royal Highness|98\/333|[from] item: Leftovers
|-heal|p1a: sneak to da bo|523\/523|[from] item: Leftovers
|upkeep
|turn|10
|
|switch|p2a: The Very Reverend|Gengar, M|323\/323
|move|p1a: sneak to da bo|Double-Edge|p2a: The Very Reverend
|-immune|p2a: The Very Reverend
|
|upkeep
|turn|11
|inactive|the parrot97 has 270 seconds left.
|
|switch|p1a: bang bang still ge|Zapdos|383\/383
|move|p2a: The Very Reverend|Dynamic Punch|p1a: bang bang still ge
|-resisted|p1a: bang bang still ge
|-damage|p1a: bang bang still ge|349\/383
|-start|p1a: bang bang still ge|confusion
|
|-heal|p1a: bang bang still ge|372\/383|[from] item: Leftovers
|upkeep
|turn|12
|inactive|the parrot97 has 240 seconds left.
|
|switch|p1a: african back|Tyranitar, M|403\/403
|move|p2a: The Very Reverend|Thunder|p1a: african back|[miss]
|-miss|p2a: The Very Reverend
|
|upkeep
|turn|13
|inactive|the parrot97 has 210 seconds left.
|inactive|the pirate99 has 270 seconds left.
|
|switch|p2a: Hoghly Learned Sir|Cloyster, M|303\/303
|switch|p1a: bang bang still ge|Zapdos|372\/383
|
|-heal|p1a: bang bang still ge|383\/383|[from] item: Leftovers
|upkeep
|turn|14
|inactive|the pirate99 has 270 seconds left.
|
|switch|p1a: vicious 44|Cloyster, M|287\/287
|switch|p2a: The Right Honourab|Snorlax, M|523\/523
|
|upkeep
|turn|15
|inactive|the parrot97 has 180 seconds left.
|
|switch|p2a: Hoghly Learned Sir|Cloyster, M|303\/303
|move|p1a: vicious 44|Spikes|p2a: Hoghly Learned Sir
|-sidestart|p2: the pirate99|Spikes
|
|upkeep
|turn|16
|inactive|the parrot97 has 180 seconds left.
|
|switch|p1a: bang bang still ge|Zapdos|383\/383
|move|p2a: Hoghly Learned Sir|Toxic|p1a: bang bang still ge
|-status|p1a: bang bang still ge|tox
|
|upkeep
|turn|17
|
|switch|p2a: The Right Honourab|Snorlax, M|523\/523
|-damage|p2a: The Right Honourab|458\/523|[from] Spikes
|move|p1a: bang bang still ge|Thunder|p2a: The Right Honourab
|-damage|p2a: The Right Honourab|301\/523
|-damage|p1a: bang bang still ge|360\/383 tox|[from] psn
|
|-heal|p1a: bang bang still ge|383\/383 tox|[from] item: Leftovers
|-heal|p2a: The Right Honourab|333\/523|[from] item: Leftovers
|upkeep
|turn|18
|inactive|the parrot97 has 180 seconds left.
|inactive|the parrot97 has 150 seconds left.
|
|switch|p1a: scuse me sharty|Exeggutor, M|393\/393
|move|p2a: The Right Honourab|Double-Edge|p1a: scuse me sharty
|-damage|p1a: scuse me sharty|240\/393
|-damage|p2a: The Right Honourab|295\/523|[from] Recoil|[of] p1a: scuse me sharty
|
|-heal|p2a: The Right Honourab|327\/523|[from] item: Leftovers
|upkeep
|turn|19
|inactive|the parrot97 has 150 seconds left.
|
|move|p1a: scuse me sharty|Sleep Powder|p2a: The Right Honourab
|-status|p2a: The Right Honourab|slp|[from] move: Sleep Powder
|cant|p2a: The Right Honourab|slp
|
|-heal|p2a: The Right Honourab|359\/523 slp|[from] item: Leftovers
|upkeep
|turn|20
|inactive|the parrot97 has 150 seconds left.
|
|move|p1a: scuse me sharty|Thief|p2a: The Right Honourab
|-damage|p2a: The Right Honourab|322\/523 slp
|-item|p1a: scuse me sharty|Leftovers|[from] move: Thief|[of] p2a: The Right Honourab
|cant|p2a: The Right Honourab|slp
|move|p2a: The Right Honourab|Sleep Talk|p2a: The Right Honourab
|move|p2a: The Right Honourab|Rest|p2a: The Right Honourab|[from]Sleep Talk
|-heal|p2a: The Right Honourab|523\/523 slp|[silent]
|
|-heal|p1a: scuse me sharty|264\/393|[from] item: Leftovers
|upkeep
|turn|21
|inactive|the pirate99 has 270 seconds left.
|inactive|the parrot97 has 120 seconds left.
|
|switch|p1a: african back|Tyranitar, M|403\/403
|cant|p2a: The Right Honourab|slp
|move|p2a: The Right Honourab|Sleep Talk|p2a: The Right Honourab
|move|p2a: The Right Honourab|Rest|p2a: The Right Honourab|[from]Sleep Talk
|-fail|p2a: The Right Honourab
|
|upkeep
|turn|22
|inactive|the parrot97 has 120 seconds left.
|inactive|the pirate99 has 270 seconds left.
|
|cant|p2a: The Right Honourab|slp
|move|p2a: The Right Honourab|Sleep Talk|p2a: The Right Honourab
|move|p2a: The Right Honourab|Surf|p1a: african back|[from]Sleep Talk
|-supereffective|p1a: african back
|-damage|p1a: african back|281\/403
|move|p1a: african back|Roar|p2a: The Right Honourab
|drag|p2a: Hoghly Learned Sir|Cloyster, M|303\/303
|-damage|p2a: Hoghly Learned Sir|266\/303|[from] Spikes
|
|-heal|p2a: Hoghly Learned Sir|284\/303|[from] item: Leftovers
|-heal|p1a: african back|306\/403|[from] item: Leftovers
|upkeep
|turn|23
|inactive|the parrot97 has 120 seconds left.
|inactive|the pirate99 has 270 seconds left.
|inactive|the parrot97 has 90 seconds left.
|
|switch|p1a: bang bang still ge|Zapdos|383\/383 tox
|-damage|p1a: bang bang still ge|336\/383 psn|[from] psn
|move|p2a: Hoghly Learned Sir|Spikes|p1a: bang bang still ge
|-sidestart|p1: the parrot97|Spikes
|
|-heal|p1a: bang bang still ge|359\/383 psn|[from] item: Leftovers
|-heal|p2a: Hoghly Learned Sir|302\/303|[from] item: Leftovers
|upkeep
|turn|24
|
|switch|p2a: The Right Honourab|Snorlax, M|523\/523 slp
|-damage|p2a: The Right Honourab|458\/523 slp|[from] Spikes
|move|p1a: bang bang still ge|Thunder|p2a: The Right Honourab
|-damage|p2a: The Right Honourab|289\/523 slp
|-damage|p1a: bang bang still ge|312\/383 psn|[from] psn|[of] p2a: The Right Honourab
|
|-heal|p1a: bang bang still ge|335\/383 psn|[from] item: Leftovers
|upkeep
|turn|25
|inactive|the pirate99 has 270 seconds left.
|inactive|the parrot97 has 60 seconds left.
|
|move|p1a: bang bang still ge|Thunder|p2a: The Right Honourab
|-damage|p2a: The Right Honourab|122\/523 slp
|-damage|p1a: bang bang still ge|288\/383 psn|[from] psn|[of] p2a: The Right Honourab
|-curestatus|p2a: The Right Honourab|slp|[msg]
|move|p2a: The Right Honourab|Rest|p2a: The Right Honourab
|-status|p2a: The Right Honourab|slp|[from] move: Rest
|-heal|p2a: The Right Honourab|523\/523 slp|[silent]
|
|-heal|p1a: bang bang still ge|311\/383 psn|[from] item: Leftovers
|upkeep
|turn|26
|inactive|the parrot97 has 30 seconds left.
|
|switch|p1a: vicious 44|Cloyster, M|287\/287
|-damage|p1a: vicious 44|252\/287|[from] Spikes
|cant|p2a: The Right Honourab|slp
|move|p2a: The Right Honourab|Sleep Talk|p2a: The Right Honourab
|move|p2a: The Right Honourab|Surf|p1a: vicious 44|[from]Sleep Talk
|-resisted|p1a: vicious 44
|-damage|p1a: vicious 44|205\/287
|
|-heal|p1a: vicious 44|222\/287|[from] item: Leftovers
|upkeep
|turn|27
|inactive|the parrot97 has 30 seconds left.
|
|switch|p2a: The Very Reverend|Gengar, M|323\/323
|-damage|p2a: The Very Reverend|283\/323|[from] Spikes
|move|p1a: vicious 44|Surf|p2a: The Very Reverend
|-damage|p2a: The Very Reverend|168\/323
|
|-heal|p2a: The Very Reverend|188\/323|[from] item: Leftovers
|-heal|p1a: vicious 44|239\/287|[from] item: Leftovers
|upkeep
|turn|28
|inactive|the parrot97 has 30 seconds left.
|inactive|the parrot97 has 20 seconds left.
|inactive|the parrot97 has 15 seconds left.
|
|switch|p1a: sneak to da bo|Snorlax, M|523\/523
|-damage|p1a: sneak to da bo|458\/523|[from] Spikes
|move|p2a: The Very Reverend|Dynamic Punch|p1a: sneak to da bo
|-supereffective|p1a: sneak to da bo
|-damage|p1a: sneak to da bo|292\/523
|-start|p1a: sneak to da bo|confusion
|
|-heal|p2a: The Very Reverend|208\/323|[from] item: Leftovers
|-heal|p1a: sneak to da bo|324\/523|[from] item: Leftovers
|upkeep
|turn|29
|inactive|the parrot97 has 25 seconds left this turn.
|inactive|the parrot97 has 20 seconds left.
|inactive|the pirate99 has 270 seconds left.
|
|move|p2a: The Very Reverend|Dynamic Punch|p1a: sneak to da bo
|-supereffective|p1a: sneak to da bo
|-damage|p1a: sneak to da bo|154\/523
|-activate|p1a: sneak to da bo|confusion
|move|p1a: sneak to da bo|Rest|p1a: sneak to da bo
|-status|p1a: sneak to da bo|slp|[from] move: Rest
|-heal|p1a: sneak to da bo|523\/523 slp|[silent]
|
|-heal|p2a: The Very Reverend|228\/323|[from] item: Leftovers
|upkeep
|turn|30
|inactive|the parrot97 has 30 seconds left this turn.
|inactive|the parrot97 has 20 seconds left.
|inactive|the pirate99 has 270 seconds left.
|inactive|the parrot97 has 15 seconds left.
|
|move|p2a: The Very Reverend|Thunder|p1a: sneak to da bo|[miss]
|-miss|p2a: The Very Reverend
|cant|p1a: sneak to da bo|slp
|-activate|p1a: sneak to da bo|confusion
|-damage|p1a: sneak to da bo|475\/523 slp|[from] confusion
|
|-heal|p2a: The Very Reverend|248\/323|[from] item: Leftovers
|-heal|p1a: sneak to da bo|507\/523 slp|[from] item: Leftovers
|upkeep
|turn|31
|inactive|the parrot97 has 25 seconds left this turn.
|
|move|p2a: The Very Reverend|Thunder|p1a: sneak to da bo|[miss]
|-miss|p2a: The Very Reverend
|cant|p1a: sneak to da bo|slp
|-activate|p1a: sneak to da bo|confusion
|-damage|p1a: sneak to da bo|459\/523 slp|[from] confusion
|
|-heal|p2a: The Very Reverend|268\/323|[from] item: Leftovers
|-heal|p1a: sneak to da bo|491\/523 slp|[from] item: Leftovers
|upkeep
|turn|32
|inactive|the parrot97 has 30 seconds left.
|
|move|p2a: The Very Reverend|Thunder|p1a: sneak to da bo
|-damage|p1a: sneak to da bo|382\/523 slp
|-curestatus|p1a: sneak to da bo|slp|[msg]
|-activate|p1a: sneak to da bo|confusion
|-damage|p1a: sneak to da bo|334\/523|[from] confusion
|
|-heal|p2a: The Very Reverend|288\/323|[from] item: Leftovers
|-heal|p1a: sneak to da bo|366\/523|[from] item: Leftovers
|upkeep
|turn|33
|
|move|p2a: The Very Reverend|Ice Punch|p1a: sneak to da bo
|-damage|p1a: sneak to da bo|301\/523
|-end|p1a: sneak to da bo|confusion
|move|p1a: sneak to da bo|Rest|p1a: sneak to da bo
|-status|p1a: sneak to da bo|slp|[from] move: Rest
|-heal|p1a: sneak to da bo|523\/523 slp|[silent]
|
|-heal|p2a: The Very Reverend|308\/323|[from] item: Leftovers
|upkeep
|turn|34
|
|move|p2a: The Very Reverend|Ice Punch|p1a: sneak to da bo
|-damage|p1a: sneak to da bo|456\/523 slp
|cant|p1a: sneak to da bo|slp
|
|-heal|p2a: The Very Reverend|323\/323|[from] item: Leftovers
|-heal|p1a: sneak to da bo|488\/523 slp|[from] item: Leftovers
|upkeep
|turn|35
|
|move|p2a: The Very Reverend|Thunder|p1a: sneak to da bo
|-damage|p1a: sneak to da bo|387\/523 slp
|cant|p1a: sneak to da bo|slp
|move|p1a: sneak to da bo|Sleep Talk|p1a: sneak to da bo
|move|p1a: sneak to da bo|Double-Edge|p2a: The Very Reverend|[from]Sleep Talk
|-immune|p2a: The Very Reverend
|
|-heal|p1a: sneak to da bo|419\/523 slp|[from] item: Leftovers
|upkeep
|turn|36
|
|switch|p2a: Lord of the Isles|Golem, M|363\/363
|-damage|p2a: Lord of the Isles|318\/363|[from] Spikes
|-curestatus|p1a: sneak to da bo|slp|[msg]
|move|p1a: sneak to da bo|Double-Edge|p2a: Lord of the Isles
|-resisted|p2a: Lord of the Isles
|-damage|p2a: Lord of the Isles|256\/363
|-damage|p1a: sneak to da bo|404\/523|[from] Recoil|[of] p2a: Lord of the Isles
|
|-heal|p2a: Lord of the Isles|278\/363|[from] item: Leftovers
|-heal|p1a: sneak to da bo|436\/523|[from] item: Leftovers
|upkeep
|turn|37
|
|switch|p1a: vicious 44|Cloyster, M|239\/287
|-damage|p1a: vicious 44|204\/287|[from] Spikes
|move|p2a: Lord of the Isles|Roar|p1a: vicious 44
|drag|p1a: show u da wave|Vaporeon, F|463\/463
|-damage|p1a: show u da wave|406\/463|[from] Spikes
|
|-heal|p1a: show u da wave|434\/463|[from] item: Leftovers
|-heal|p2a: Lord of the Isles|300\/363|[from] item: Leftovers
|upkeep
|turn|38
|
|switch|p1a: bang bang still ge|Zapdos|311\/383 psn
|-damage|p1a: bang bang still ge|264\/383 psn|[from] psn
|switch|p2a: Lord Chief Justice|Zapdos|383\/383
|
|-heal|p1a: bang bang still ge|287\/383 psn|[from] item: Leftovers
|upkeep
|turn|39
|
|move|p2a: Lord Chief Justice|Hidden Power|p1a: bang bang still ge
|-supereffective|p1a: bang bang still ge
|-damage|p1a: bang bang still ge|147\/383 psn
|move|p1a: bang bang still ge|Rest|p1a: bang bang still ge
|-status|p1a: bang bang still ge|slp|[from] move: Rest
|-heal|p1a: bang bang still ge|383\/383 slp|[silent]
|
|upkeep
|turn|40
|
|move|p2a: Lord Chief Justice|Hidden Power|p1a: bang bang still ge
|-supereffective|p1a: bang bang still ge
|-damage|p1a: bang bang still ge|234\/383 slp
|cant|p1a: bang bang still ge|slp
|move|p1a: bang bang still ge|Sleep Talk|p1a: bang bang still ge
|move|p1a: bang bang still ge|Hidden Power|p2a: Lord Chief Justice|[from]Sleep Talk
|-supereffective|p2a: Lord Chief Justice
|-damage|p2a: Lord Chief Justice|250\/383
|
|-heal|p1a: bang bang still ge|257\/383 slp|[from] item: Leftovers
|-heal|p2a: Lord Chief Justice|273\/383|[from] item: Leftovers
|upkeep
|turn|41
|
|switch|p1a: sneak to da bo|Snorlax, M|436\/523
|-damage|p1a: sneak to da bo|371\/523|[from] Spikes
|move|p2a: Lord Chief Justice|Thunder|p1a: sneak to da bo|[miss]
|-miss|p2a: Lord Chief Justice
|
|-heal|p2a: Lord Chief Justice|296\/383|[from] item: Leftovers
|-heal|p1a: sneak to da bo|403\/523|[from] item: Leftovers
|upkeep
|turn|42
|
|move|p2a: Lord Chief Justice|Thunder|p1a: sneak to da bo
|-damage|p1a: sneak to da bo|254\/523
|-status|p1a: sneak to da bo|par
|move|p1a: sneak to da bo|Curse|p1a: sneak to da bo
|-unboost|p1a: sneak to da bo|spe|1
|-boost|p1a: sneak to da bo|atk|1
|-boost|p1a: sneak to da bo|def|1
|
|-heal|p2a: Lord Chief Justice|319\/383|[from] item: Leftovers
|-heal|p1a: sneak to da bo|286\/523 par|[from] item: Leftovers
|upkeep
|turn|43
|
|switch|p2a: Lord of the Isles|Golem, M|300\/363
|-damage|p2a: Lord of the Isles|255\/363|[from] Spikes
|move|p1a: sneak to da bo|Rest|p1a: sneak to da bo
|-status|p1a: sneak to da bo|slp|[from] move: Rest
|-heal|p1a: sneak to da bo|523\/523 slp|[silent]
|
|-heal|p2a: Lord of the Isles|277\/363|[from] item: Leftovers
|upkeep
|turn|44
|inactive|the parrot97 has 60 seconds left.
|
|switch|p1a: vicious 44|Cloyster, M|204\/287
|-damage|p1a: vicious 44|169\/287|[from] Spikes
|move|p2a: Lord of the Isles|Rapid Spin|p1a: vicious 44
|-damage|p1a: vicious 44|157\/287
|-sideend|p2: the pirate99|Spikes|[from] move: Rapid Spin|[of] p2a: Lord of the Isles
|
|-heal|p1a: vicious 44|174\/287|[from] item: Leftovers
|-heal|p2a: Lord of the Isles|299\/363|[from] item: Leftovers
|upkeep
|turn|45
|inactive|the parrot97 has 60 seconds left.
|
|switch|p2a: The Very Reverend|Gengar, M|323\/323
|move|p1a: vicious 44|Spikes|p2a: The Very Reverend
|-sidestart|p2: the pirate99|Spikes
|
|-heal|p1a: vicious 44|191\/287|[from] item: Leftovers
|upkeep
|turn|46
|inactive|the parrot97 has 60 seconds left.
|
|switch|p1a: sneak to da bo|Snorlax, M|523\/523 slp
|-damage|p1a: sneak to da bo|458\/523 slp|[from] Spikes
|move|p2a: The Very Reverend|Ice Punch|p1a: sneak to da bo
|-damage|p1a: sneak to da bo|391\/523 slp
|
|-heal|p1a: sneak to da bo|423\/523 slp|[from] item: Leftovers
|upkeep
|turn|47
|inactive|the parrot97 has 60 seconds left.
|
|move|p2a: The Very Reverend|Ice Punch|p1a: sneak to da bo
|-damage|p1a: sneak to da bo|354\/523 slp
|cant|p1a: sneak to da bo|slp
|move|p1a: sneak to da bo|Sleep Talk|p1a: sneak to da bo
|move|p1a: sneak to da bo|Double-Edge|p2a: The Very Reverend|[from]Sleep Talk
|-immune|p2a: The Very Reverend
|
|-heal|p1a: sneak to da bo|386\/523 slp|[from] item: Leftovers
|upkeep
|turn|48
|
|move|p2a: The Very Reverend|Thunder|p1a: sneak to da bo
|-damage|p1a: sneak to da bo|288\/523 slp
|cant|p1a: sneak to da bo|slp
|
|-heal|p1a: sneak to da bo|320\/523 slp|[from] item: Leftovers
|upkeep
|turn|49
|
|switch|p2a: Lord of the Isles|Golem, M|299\/363
|-damage|p2a: Lord of the Isles|254\/363|[from] Spikes
|-curestatus|p1a: sneak to da bo|slp|[msg]
|move|p1a: sneak to da bo|Rest|p1a: sneak to da bo
|-status|p1a: sneak to da bo|slp|[from] move: Rest
|-heal|p1a: sneak to da bo|523\/523 slp|[silent]
|
|-heal|p2a: Lord of the Isles|276\/363|[from] item: Leftovers
|upkeep
|turn|50
|
|switch|p1a: vicious 44|Cloyster, M|191\/287
|-damage|p1a: vicious 44|156\/287|[from] Spikes
|move|p2a: Lord of the Isles|Earthquake|p1a: vicious 44
|-damage|p1a: vicious 44|70\/287
|
|-heal|p1a: vicious 44|87\/287|[from] item: Leftovers
|-heal|p2a: Lord of the Isles|298\/363|[from] item: Leftovers
|upkeep
|turn|51
|
|switch|p2a: Hoghly Learned Sir|Cloyster, M|302\/303
|-damage|p2a: Hoghly Learned Sir|265\/303|[from] Spikes
|move|p1a: vicious 44|Surf|p2a: Hoghly Learned Sir
|-resisted|p2a: Hoghly Learned Sir
|-damage|p2a: Hoghly Learned Sir|192\/303
|
|-heal|p1a: vicious 44|104\/287|[from] item: Leftovers
|-heal|p2a: Hoghly Learned Sir|210\/303|[from] item: Leftovers
|upkeep
|turn|52
|inactive|the parrot97 has 60 seconds left.
|inactive|the pirate99 has 270 seconds left.
|
|switch|p1a: scuse me sharty|Exeggutor, M|264\/393
|-damage|p1a: scuse me sharty|215\/393|[from] Spikes
|move|p2a: Hoghly Learned Sir|Surf|p1a: scuse me sharty
|-resisted|p1a: scuse me sharty
|-damage|p1a: scuse me sharty|155\/393
|
|-heal|p2a: Hoghly Learned Sir|228\/303|[from] item: Leftovers
|-heal|p1a: scuse me sharty|179\/393|[from] item: Leftovers
|upkeep
|turn|53
|inactive|the pirate99 has 240 seconds left.
|
|move|p2a: Hoghly Learned Sir|Explosion|p1a: scuse me sharty
|-damage|p1a: scuse me sharty|0 fnt
|faint|p2a: Hoghly Learned Sir
|faint|p1a: scuse me sharty
|inactive|the parrot97 has 30 seconds left.
|inactive|the parrot97 has 20 seconds left.
|
|switch|p2a: Her Royal Highness|Jynx, F|98\/333
|switch|p1a: bang bang still ge|Zapdos|257\/383 slp
|-damage|p2a: Her Royal Highness|57\/333|[from] Spikes
|
|-heal|p1a: bang bang still ge|280\/383 slp|[from] item: Leftovers
|-heal|p2a: Her Royal Highness|77\/333|[from] item: Leftovers
|upkeep
|turn|54
|inactive|the parrot97 has 30 seconds left this turn.
|
|switch|p1a: sneak to da bo|Snorlax, M|523\/523 slp
|-damage|p1a: sneak to da bo|458\/523 slp|[from] Spikes
|move|p2a: Her Royal Highness|Ice Beam|p1a: sneak to da bo
|-damage|p1a: sneak to da bo|333\/523 slp
|
|-heal|p2a: Her Royal Highness|97\/333|[from] item: Leftovers
|-heal|p1a: sneak to da bo|365\/523 slp|[from] item: Leftovers
|upkeep
|turn|55
|
|switch|p2a: The Very Reverend|Gengar, M|323\/323
|-damage|p2a: The Very Reverend|283\/323|[from] Spikes
|cant|p1a: sneak to da bo|slp
|move|p1a: sneak to da bo|Sleep Talk|p1a: sneak to da bo
|move|p1a: sneak to da bo|Rest|p1a: sneak to da bo|[from]Sleep Talk
|-heal|p1a: sneak to da bo|523\/523 slp|[silent]
|
|-heal|p2a: The Very Reverend|303\/323|[from] item: Leftovers
|upkeep
|turn|56
|inactive|the parrot97 has 30 seconds left.
|inactive|the parrot97 has 20 seconds left.
|inactive|the parrot97 has 15 seconds left.
|
|move|p2a: The Very Reverend|Ice Punch|p1a: sneak to da bo
|-damage|p1a: sneak to da bo|455\/523 slp
|cant|p1a: sneak to da bo|slp
|
|-heal|p2a: The Very Reverend|323\/323|[from] item: Leftovers
|-heal|p1a: sneak to da bo|487\/523 slp|[from] item: Leftovers
|upkeep
|turn|57
|inactive|the parrot97 has 25 seconds left this turn.
|
|move|p2a: The Very Reverend|Thunder|p1a: sneak to da bo
|-crit|p1a: sneak to da bo
|-damage|p1a: sneak to da bo|276\/523 slp
|cant|p1a: sneak to da bo|slp
|
|-heal|p1a: sneak to da bo|308\/523 slp|[from] item: Leftovers
|upkeep
|turn|58
|inactive|the parrot97 has 30 seconds left.
|
|move|p2a: The Very Reverend|Dynamic Punch|p1a: sneak to da bo|[miss]
|-miss|p2a: The Very Reverend
|-curestatus|p1a: sneak to da bo|slp|[msg]
|move|p1a: sneak to da bo|Rest|p1a: sneak to da bo
|-status|p1a: sneak to da bo|slp|[from] move: Rest
|-heal|p1a: sneak to da bo|523\/523 slp|[silent]
|
|upkeep
|turn|59
|inactive|the parrot97 has 30 seconds left.
|
|move|p2a: The Very Reverend|Ice Punch|p1a: sneak to da bo
|-damage|p1a: sneak to da bo|459\/523 slp
|cant|p1a: sneak to da bo|slp
|
|-heal|p1a: sneak to da bo|491\/523 slp|[from] item: Leftovers
|upkeep
|turn|60
|inactive|the parrot97 has 30 seconds left.
|
|move|p2a: The Very Reverend|Ice Punch|p1a: sneak to da bo
|-damage|p1a: sneak to da bo|422\/523 slp
|cant|p1a: sneak to da bo|slp
|move|p1a: sneak to da bo|Sleep Talk|p1a: sneak to da bo
|move|p1a: sneak to da bo|Double-Edge|p2a: The Very Reverend|[from]Sleep Talk
|-immune|p2a: The Very Reverend
|
|-heal|p1a: sneak to da bo|454\/523 slp|[from] item: Leftovers
|upkeep
|turn|61
|
|move|p2a: The Very Reverend|Thunder|p1a: sneak to da bo
|-damage|p1a: sneak to da bo|345\/523 slp
|-curestatus|p1a: sneak to da bo|slp|[msg]
|move|p1a: sneak to da bo|Curse|p1a: sneak to da bo
|-unboost|p1a: sneak to da bo|spe|1
|-boost|p1a: sneak to da bo|atk|1
|-boost|p1a: sneak to da bo|def|1
|
|-heal|p1a: sneak to da bo|377\/523|[from] item: Leftovers
|upkeep
|turn|62
|inactive|the pirate99 has 240 seconds left.
|
|move|p2a: The Very Reverend|Ice Punch|p1a: sneak to da bo
|-damage|p1a: sneak to da bo|307\/523
|move|p1a: sneak to da bo|Rest|p1a: sneak to da bo
|-status|p1a: sneak to da bo|slp|[from] move: Rest
|-heal|p1a: sneak to da bo|523\/523 slp|[silent]
|
|upkeep
|turn|63
|inactive|the pirate99 has 240 seconds left.
|
|move|p2a: The Very Reverend|Thunder|p1a: sneak to da bo
|-damage|p1a: sneak to da bo|416\/523 slp
|cant|p1a: sneak to da bo|slp
|
|-heal|p1a: sneak to da bo|448\/523 slp|[from] item: Leftovers
|upkeep
|turn|64
|inactive|the pirate99 has 240 seconds left.
|
|move|p2a: The Very Reverend|Ice Punch|p1a: sneak to da bo
|-damage|p1a: sneak to da bo|386\/523 slp
|cant|p1a: sneak to da bo|slp
|
|-heal|p1a: sneak to da bo|418\/523 slp|[from] item: Leftovers
|upkeep
|turn|65
|
|move|p2a: The Very Reverend|Thunder|p1a: sneak to da bo
|-damage|p1a: sneak to da bo|311\/523 slp
|-curestatus|p1a: sneak to da bo|slp|[msg]
|move|p1a: sneak to da bo|Curse|p1a: sneak to da bo
|-unboost|p1a: sneak to da bo|spe|1
|-boost|p1a: sneak to da bo|atk|1
|-boost|p1a: sneak to da bo|def|1
|
|-heal|p1a: sneak to da bo|343\/523|[from] item: Leftovers
|upkeep
|turn|66
|
|move|p2a: The Very Reverend|Ice Punch|p1a: sneak to da bo
|-damage|p1a: sneak to da bo|282\/523
|move|p1a: sneak to da bo|Rest|p1a: sneak to da bo
|-status|p1a: sneak to da bo|slp|[from] move: Rest
|-heal|p1a: sneak to da bo|523\/523 slp|[silent]
|
|upkeep
|turn|67
|inactive|the parrot97 has 90 seconds left.
|
|switch|p2a: Lord of the Isles|Golem, M|298\/363
|-damage|p2a: Lord of the Isles|253\/363|[from] Spikes
|cant|p1a: sneak to da bo|slp
|
|-heal|p2a: Lord of the Isles|275\/363|[from] item: Leftovers
|upkeep
|turn|68
|
|move|p2a: Lord of the Isles|Rapid Spin|p1a: sneak to da bo
|-damage|p1a: sneak to da bo|512\/523 slp
|-sideend|p2: the pirate99|Spikes|[from] move: Rapid Spin|[of] p2a: Lord of the Isles
|cant|p1a: sneak to da bo|slp
|move|p1a: sneak to da bo|Sleep Talk|p1a: sneak to da bo
|move|p1a: sneak to da bo|Double-Edge|p2a: Lord of the Isles|[from]Sleep Talk
|-resisted|p2a: Lord of the Isles
|-damage|p2a: Lord of the Isles|150\/363
|-damage|p1a: sneak to da bo|481\/523 slp|[from] Recoil|[of] p2a: Lord of the Isles
|
|-heal|p2a: Lord of the Isles|172\/363|[from] item: Leftovers
|-heal|p1a: sneak to da bo|513\/523 slp|[from] item: Leftovers
|upkeep
|turn|69
|
|switch|p2a: The Very Reverend|Gengar, M|323\/323
|switch|p1a: african back|Tyranitar, M|306\/403
|-damage|p1a: african back|256\/403|[from] Spikes
|
|-heal|p1a: african back|281\/403|[from] item: Leftovers
|upkeep
|turn|70
|inactive|the pirate99 has 270 seconds left.
|inactive|the parrot97 has 90 seconds left.
|
|switch|p2a: The Right Honourab|Snorlax, M|523\/523 slp
|switch|p1a: bang bang still ge|Zapdos|280\/383 slp
|
|-heal|p1a: bang bang still ge|303\/383 slp|[from] item: Leftovers
|upkeep
|turn|71
|inactive|the parrot97 has 60 seconds left.
|
|switch|p1a: sneak to da bo|Snorlax, M|513\/523 slp
|-damage|p1a: sneak to da bo|448\/523 slp|[from] Spikes
|cant|p2a: The Right Honourab|slp
|move|p2a: The Right Honourab|Sleep Talk|p2a: The Right Honourab
|move|p2a: The Right Honourab|Rest|p2a: The Right Honourab|[from]Sleep Talk
|-fail|p2a: The Right Honourab
|
|-heal|p1a: sneak to da bo|480\/523 slp|[from] item: Leftovers
|upkeep
|turn|72
|
|switch|p2a: The Very Reverend|Gengar, M|323\/323
|-curestatus|p1a: sneak to da bo|slp|[msg]
|move|p1a: sneak to da bo|Curse|p1a: sneak to da bo
|-unboost|p1a: sneak to da bo|spe|1
|-boost|p1a: sneak to da bo|atk|1
|-boost|p1a: sneak to da bo|def|1
|
|-heal|p1a: sneak to da bo|512\/523|[from] item: Leftovers
|upkeep
|turn|73
|
|move|p2a: The Very Reverend|Ice Punch|p1a: sneak to da bo
|-damage|p1a: sneak to da bo|451\/523
|move|p1a: sneak to da bo|Rest|p1a: sneak to da bo
|-status|p1a: sneak to da bo|slp|[from] move: Rest
|-heal|p1a: sneak to da bo|523\/523 slp|[silent]
|
|upkeep
|turn|74
|
|switch|p2a: Lord of the Isles|Golem, M|172\/363
|cant|p1a: sneak to da bo|slp
|
|-heal|p2a: Lord of the Isles|194\/363|[from] item: Leftovers
|upkeep
|turn|75
|inactive|the pirate99 has 270 seconds left.
|inactive|the parrot97 has 60 seconds left.
|inactive|the parrot97 has 30 seconds left.
|
|switch|p2a: The Very Reverend|Gengar, M|323\/323
|cant|p1a: sneak to da bo|slp
|move|p1a: sneak to da bo|Sleep Talk|p1a: sneak to da bo
|move|p1a: sneak to da bo|Double-Edge|p2a: The Very Reverend|[from]Sleep Talk
|-immune|p2a: The Very Reverend
|
|upkeep
|turn|76
|inactive|the pirate99 has 270 seconds left.
|
|move|p2a: The Very Reverend|Ice Punch|p1a: sneak to da bo
|-damage|p1a: sneak to da bo|457\/523 slp
|-curestatus|p1a: sneak to da bo|slp|[msg]
|move|p1a: sneak to da bo|Curse|p1a: sneak to da bo
|-unboost|p1a: sneak to da bo|spe|1
|-boost|p1a: sneak to da bo|atk|1
|-boost|p1a: sneak to da bo|def|1
|
|-heal|p1a: sneak to da bo|489\/523|[from] item: Leftovers
|upkeep
|turn|77
|
|move|p2a: The Very Reverend|Ice Punch|p1a: sneak to da bo
|-damage|p1a: sneak to da bo|428\/523
|move|p1a: sneak to da bo|Rest|p1a: sneak to da bo
|-status|p1a: sneak to da bo|slp|[from] move: Rest
|-heal|p1a: sneak to da bo|523\/523 slp|[silent]
|
|upkeep
|turn|78
|inactive|the pirate99 has 270 seconds left.
|
|switch|p2a: Lord of the Isles|Golem, M|194\/363
|cant|p1a: sneak to da bo|slp
|
|-heal|p2a: Lord of the Isles|216\/363|[from] item: Leftovers
|upkeep
|turn|79
|
|switch|p2a: The Very Reverend|Gengar, M|323\/323
|cant|p1a: sneak to da bo|slp
|move|p1a: sneak to da bo|Sleep Talk|p1a: sneak to da bo
|move|p1a: sneak to da bo|Curse|p1a: sneak to da bo|[from]Sleep Talk
|-unboost|p1a: sneak to da bo|spe|1
|-boost|p1a: sneak to da bo|atk|1
|-boost|p1a: sneak to da bo|def|1
|
|upkeep
|turn|80
|
|move|p2a: The Very Reverend|Ice Punch|p1a: sneak to da bo
|-damage|p1a: sneak to da bo|456\/523 slp
|-curestatus|p1a: sneak to da bo|slp|[msg]
|move|p1a: sneak to da bo|Curse|p1a: sneak to da bo
|-unboost|p1a: sneak to da bo|spe|1
|-boost|p1a: sneak to da bo|atk|1
|-boost|p1a: sneak to da bo|def|1
|
|-heal|p1a: sneak to da bo|488\/523|[from] item: Leftovers
|upkeep
|turn|81
|
|move|p2a: The Very Reverend|Ice Punch|p1a: sneak to da bo
|-damage|p1a: sneak to da bo|417\/523
|move|p1a: sneak to da bo|Curse|p1a: sneak to da bo
|-unboost|p1a: sneak to da bo|spe|1
|-boost|p1a: sneak to da bo|atk|1
|-boost|p1a: sneak to da bo|def|1
|
|-heal|p1a: sneak to da bo|449\/523|[from] item: Leftovers
|upkeep
|turn|82
|
|move|p2a: The Very Reverend|Ice Punch|p1a: sneak to da bo
|-damage|p1a: sneak to da bo|379\/523
|move|p1a: sneak to da bo|Curse|p1a: sneak to da bo
|-unboost|p1a: sneak to da bo|spe|1
|-boost|p1a: sneak to da bo|atk|0
|-boost|p1a: sneak to da bo|def|1
|
|-heal|p1a: sneak to da bo|411\/523|[from] item: Leftovers
|upkeep
|turn|83
|
|move|p2a: The Very Reverend|Ice Punch|p1a: sneak to da bo
|-damage|p1a: sneak to da bo|346\/523
|move|p1a: sneak to da bo|Double-Edge|p2a: The Very Reverend
|-immune|p2a: The Very Reverend
|
|-heal|p1a: sneak to da bo|378\/523|[from] item: Leftovers
|upkeep
|turn|84
|inactive|the parrot97 has 90 seconds left.
|
|move|p2a: The Very Reverend|Ice Punch|p1a: sneak to da bo
|-damage|p1a: sneak to da bo|317\/523
|move|p1a: sneak to da bo|Double-Edge|p2a: The Very Reverend
|-immune|p2a: The Very Reverend
|
|-heal|p1a: sneak to da bo|349\/523|[from] item: Leftovers
|upkeep
|turn|85
|
|move|p2a: The Very Reverend|Ice Punch|p1a: sneak to da bo
|-damage|p1a: sneak to da bo|279\/523
|move|p1a: sneak to da bo|Rest|p1a: sneak to da bo
|-status|p1a: sneak to da bo|slp|[from] move: Rest
|-heal|p1a: sneak to da bo|523\/523 slp|[silent]
|
|upkeep
|turn|86
|
|move|p2a: The Very Reverend|Thunder|p1a: sneak to da bo|[miss]
|-miss|p2a: The Very Reverend
|cant|p1a: sneak to da bo|slp
|
|upkeep
|turn|87
|
|switch|p2a: Lord of the Isles|Golem, M|216\/363
|cant|p1a: sneak to da bo|slp
|
|-heal|p2a: Lord of the Isles|238\/363|[from] item: Leftovers
|upkeep
|turn|88
|
|switch|p2a: The Very Reverend|Gengar, M|323\/323
|-curestatus|p1a: sneak to da bo|slp|[msg]
|move|p1a: sneak to da bo|Double-Edge|p2a: The Very Reverend
|-immune|p2a: The Very Reverend
|
|upkeep
|turn|89
|
|move|p2a: The Very Reverend|Ice Punch|p1a: sneak to da bo
|-crit|p1a: sneak to da bo
|-damage|p1a: sneak to da bo|399\/523
|move|p1a: sneak to da bo|Curse|p1a: sneak to da bo
|-unboost|p1a: sneak to da bo|spe|0
|-boost|p1a: sneak to da bo|atk|0
|-boost|p1a: sneak to da bo|def|0
|
|-heal|p1a: sneak to da bo|431\/523|[from] item: Leftovers
|upkeep
|turn|90
|
|move|p2a: The Very Reverend|Ice Punch|p1a: sneak to da bo
|-damage|p1a: sneak to da bo|367\/523
|move|p1a: sneak to da bo|Rest|p1a: sneak to da bo
|-status|p1a: sneak to da bo|slp|[from] move: Rest
|-heal|p1a: sneak to da bo|523\/523 slp|[silent]
|
|upkeep
|turn|91
|
|switch|p2a: Lord of the Isles|Golem, M|238\/363
|cant|p1a: sneak to da bo|slp
|
|-heal|p2a: Lord of the Isles|260\/363|[from] item: Leftovers
|upkeep
|turn|92
|inactive|the pirate99 has 270 seconds left.
|
|cant|p1a: sneak to da bo|slp
|move|p1a: sneak to da bo|Sleep Talk|p1a: sneak to da bo
|move|p1a: sneak to da bo|Rest|p1a: sneak to da bo|[from]Sleep Talk
|-fail|p1a: sneak to da bo
|move|p2a: Lord of the Isles|Roar|p1a: sneak to da bo
|drag|p1a: vicious 44|Cloyster, M|104\/287
|-damage|p1a: vicious 44|69\/287|[from] Spikes
|
|-heal|p1a: vicious 44|86\/287|[from] item: Leftovers
|-heal|p2a: Lord of the Isles|282\/363|[from] item: Leftovers
|upkeep
|turn|93
|inactive|the pirate99 has 240 seconds left.
|
|switch|p2a: The Very Reverend|Gengar, M|323\/323
|move|p1a: vicious 44|Spikes|p2a: The Very Reverend
|-sidestart|p2: the pirate99|Spikes
|
|-heal|p1a: vicious 44|103\/287|[from] item: Leftovers
|upkeep
|turn|94
|
|switch|p1a: sneak to da bo|Snorlax, M|523\/523 slp
|-damage|p1a: sneak to da bo|458\/523 slp|[from] Spikes
|move|p2a: The Very Reverend|Thunder|p1a: sneak to da bo
|-damage|p1a: sneak to da bo|359\/523 slp
|
|-heal|p1a: sneak to da bo|391\/523 slp|[from] item: Leftovers
|upkeep
|turn|95
|
|switch|p2a: Lord of the Isles|Golem, M|282\/363
|-damage|p2a: Lord of the Isles|237\/363|[from] Spikes
|-curestatus|p1a: sneak to da bo|slp|[msg]
|move|p1a: sneak to da bo|Curse|p1a: sneak to da bo
|-unboost|p1a: sneak to da bo|spe|1
|-boost|p1a: sneak to da bo|atk|1
|-boost|p1a: sneak to da bo|def|1
|
|-heal|p2a: Lord of the Isles|259\/363|[from] item: Leftovers
|-heal|p1a: sneak to da bo|423\/523|[from] item: Leftovers
|upkeep
|turn|96
|
|move|p2a: Lord of the Isles|Rapid Spin|p1a: sneak to da bo
|-damage|p1a: sneak to da bo|407\/523
|-sideend|p2: the pirate99|Spikes|[from] move: Rapid Spin|[of] p2a: Lord of the Isles
|move|p1a: sneak to da bo|Sleep Talk|p1a: sneak to da bo
|-fail|p1a: sneak to da bo
|
|-heal|p2a: Lord of the Isles|281\/363|[from] item: Leftovers
|-heal|p1a: sneak to da bo|439\/523|[from] item: Leftovers
|upkeep
|turn|97
|inactive|the parrot97 has 150 seconds left.
|inactive|the parrot97 has 120 seconds left.
|inactive|the parrot97 has 90 seconds left.
|
|switch|p2a: The Very Reverend|Gengar, M|323\/323
|move|p1a: sneak to da bo|Rest|p1a: sneak to da bo
|-status|p1a: sneak to da bo|slp|[from] move: Rest
|-heal|p1a: sneak to da bo|523\/523 slp|[silent]
|
|upkeep
|turn|98
|
|switch|p2a: Lord of the Isles|Golem, M|281\/363
|cant|p1a: sneak to da bo|slp
|
|-heal|p2a: Lord of the Isles|303\/363|[from] item: Leftovers
|upkeep
|turn|99
|inactive|the pirate99 has 240 seconds left.
|
|move|p2a: Lord of the Isles|Earthquake|p1a: sneak to da bo
|-damage|p1a: sneak to da bo|410\/523 slp
|cant|p1a: sneak to da bo|slp
|move|p1a: sneak to da bo|Sleep Talk|p1a: sneak to da bo
|move|p1a: sneak to da bo|Double-Edge|p2a: Lord of the Isles|[from]Sleep Talk
|-resisted|p2a: Lord of the Isles
|-damage|p2a: Lord of the Isles|215\/363
|-damage|p1a: sneak to da bo|388\/523 slp|[from] Recoil|[of] p2a: Lord of the Isles
|
|-heal|p2a: Lord of the Isles|237\/363|[from] item: Leftovers
|-heal|p1a: sneak to da bo|420\/523 slp|[from] item: Leftovers
|upkeep
|turn|100
|inactive|the pirate99 has 240 seconds left.
|
|-curestatus|p1a: sneak to da bo|slp|[msg]
|move|p1a: sneak to da bo|Double-Edge|p2a: Lord of the Isles
|-resisted|p2a: Lord of the Isles
|-damage|p2a: Lord of the Isles|144\/363
|-damage|p1a: sneak to da bo|397\/523|[from] Recoil|[of] p2a: Lord of the Isles
|move|p2a: Lord of the Isles|Roar|p1a: sneak to da bo
|drag|p1a: vicious 44|Cloyster, M|103\/287
|-damage|p1a: vicious 44|68\/287|[from] Spikes
|
|-heal|p1a: vicious 44|85\/287|[from] item: Leftovers
|-heal|p2a: Lord of the Isles|166\/363|[from] item: Leftovers
|upkeep
|turn|101
|
|switch|p2a: Her Royal Highness|Jynx, F|97\/333
|move|p1a: vicious 44|Spikes|p2a: Her Royal Highness
|-sidestart|p2: the pirate99|Spikes
|
|-heal|p2a: Her Royal Highness|117\/333|[from] item: Leftovers
|-heal|p1a: vicious 44|102\/287|[from] item: Leftovers
|upkeep
|turn|102
|
|switch|p1a: sneak to da bo|Snorlax, M|397\/523
|-damage|p1a: sneak to da bo|332\/523|[from] Spikes
|move|p2a: Her Royal Highness|Substitute|p2a: Her Royal Highness
|-start|p2a: Her Royal Highness|Substitute
|-damage|p2a: Her Royal Highness|34\/333
|
|-heal|p2a: Her Royal Highness|54\/333|[from] item: Leftovers
|-heal|p1a: sneak to da bo|364\/523|[from] item: Leftovers
|upkeep
|turn|103
|
|move|p2a: Her Royal Highness|Lovely Kiss|p1a: sneak to da bo
|-status|p1a: sneak to da bo|slp|[from] move: Lovely Kiss
|cant|p1a: sneak to da bo|slp
|
|-heal|p2a: Her Royal Highness|74\/333|[from] item: Leftovers
|-heal|p1a: sneak to da bo|396\/523 slp|[from] item: Leftovers
|upkeep
|turn|104
|
|move|p2a: Her Royal Highness|Psychic|p1a: sneak to da bo
|-damage|p1a: sneak to da bo|282\/523 slp
|cant|p1a: sneak to da bo|slp
|move|p1a: sneak to da bo|Sleep Talk|p1a: sneak to da bo
|move|p1a: sneak to da bo|Double-Edge|p2a: Her Royal Highness|[from]Sleep Talk
|-end|p2a: Her Royal Highness|Substitute
|-damage|p1a: sneak to da bo|281\/523 slp|[from] Recoil|[of] p2a: Her Royal Highness
|
|-heal|p2a: Her Royal Highness|94\/333|[from] item: Leftovers
|-heal|p1a: sneak to da bo|313\/523 slp|[from] item: Leftovers
|upkeep
|turn|105
|
|move|p2a: Her Royal Highness|Substitute|p2a: Her Royal Highness
|-start|p2a: Her Royal Highness|Substitute
|-damage|p2a: Her Royal Highness|11\/333
|cant|p1a: sneak to da bo|slp
|move|p1a: sneak to da bo|Sleep Talk|p1a: sneak to da bo
|move|p1a: sneak to da bo|Double-Edge|p2a: Her Royal Highness|[from]Sleep Talk
|-end|p2a: Her Royal Highness|Substitute
|-damage|p1a: sneak to da bo|312\/523 slp|[from] Recoil|[of] p2a: Her Royal Highness
|
|-heal|p2a: Her Royal Highness|31\/333|[from] item: Leftovers
|-heal|p1a: sneak to da bo|344\/523 slp|[from] item: Leftovers
|upkeep
|turn|106
|inactive|the pirate99 has 210 seconds left.
|
|move|p2a: Her Royal Highness|Ice Beam|p1a: sneak to da bo
|-damage|p1a: sneak to da bo|231\/523 slp
|-curestatus|p1a: sneak to da bo|slp|[msg]
|move|p1a: sneak to da bo|Sleep Talk|p1a: sneak to da bo
|-fail|p1a: sneak to da bo
|
|-heal|p2a: Her Royal Highness|51\/333|[from] item: Leftovers
|-heal|p1a: sneak to da bo|263\/523|[from] item: Leftovers
|upkeep
|turn|107
|
|move|p2a: Her Royal Highness|Lovely Kiss|p1a: sneak to da bo
|-status|p1a: sneak to da bo|slp|[from] move: Lovely Kiss
|cant|p1a: sneak to da bo|slp
|
|-heal|p2a: Her Royal Highness|71\/333|[from] item: Leftovers
|-heal|p1a: sneak to da bo|295\/523 slp|[from] item: Leftovers
|upkeep
|turn|108
|
|move|p2a: Her Royal Highness|Ice Beam|p1a: sneak to da bo
|-damage|p1a: sneak to da bo|177\/523 slp
|cant|p1a: sneak to da bo|slp
|move|p1a: sneak to da bo|Sleep Talk|p1a: sneak to da bo
|move|p1a: sneak to da bo|Curse|p1a: sneak to da bo|[from]Sleep Talk
|-unboost|p1a: sneak to da bo|spe|1
|-boost|p1a: sneak to da bo|atk|1
|-boost|p1a: sneak to da bo|def|1
|
|-heal|p2a: Her Royal Highness|91\/333|[from] item: Leftovers
|-heal|p1a: sneak to da bo|209\/523 slp|[from] item: Leftovers
|upkeep
|turn|109
|inactive|the parrot97 has 120 seconds left.
|inactive|the parrot97 has 90 seconds left.
|
|switch|p1a: show u da wave|Vaporeon, F|434\/463
|-damage|p1a: show u da wave|377\/463|[from] Spikes
|move|p2a: Her Royal Highness|Ice Beam|p1a: show u da wave
|-resisted|p1a: show u da wave
|-damage|p1a: show u da wave|315\/463
|
|-heal|p2a: Her Royal Highness|111\/333|[from] item: Leftovers
|-heal|p1a: show u da wave|343\/463|[from] item: Leftovers
|upkeep
|turn|110
|
|switch|p2a: Lord Chief Justice|Zapdos|319\/383
|move|p1a: show u da wave|Surf|p2a: Lord Chief Justice
|-damage|p2a: Lord Chief Justice|200\/383
|
|-heal|p2a: Lord Chief Justice|223\/383|[from] item: Leftovers
|-heal|p1a: show u da wave|371\/463|[from] item: Leftovers
|upkeep
|turn|111
|inactive|the parrot97 has 60 seconds left.
|inactive|the parrot97 has 30 seconds left.
|inactive|the parrot97 has 20 seconds left.
|inactive|the parrot97 has 15 seconds left.
|inactive|the parrot97 has 10 seconds left.
|
|switch|p1a: african back|Tyranitar, M|281\/403
|-damage|p1a: african back|231\/403|[from] Spikes
|move|p2a: Lord Chief Justice|Thunder|p1a: african back|[miss]
|-miss|p2a: Lord Chief Justice
|
|-heal|p2a: Lord Chief Justice|246\/383|[from] item: Leftovers
|-heal|p1a: african back|256\/403|[from] item: Leftovers
|upkeep
|turn|112
|inactive|the parrot97 has 15 seconds left this turn.
|inactive|the parrot97 has 10 seconds left.
|
|switch|p2a: The Right Honourab|Snorlax, M|523\/523 slp
|-damage|p2a: The Right Honourab|458\/523 slp|[from] Spikes
|move|p1a: african back|Rock Slide|p2a: The Right Honourab
|-damage|p2a: The Right Honourab|323\/523 slp
|
|-heal|p1a: african back|281\/403|[from] item: Leftovers
|upkeep
|turn|113
|inactive|the parrot97 has 15 seconds left this turn.
|inactive|the parrot97 has 10 seconds left.
|
|move|p1a: african back|Rock Slide|p2a: The Right Honourab
|-damage|p2a: The Right Honourab|174\/523 slp
|-curestatus|p2a: The Right Honourab|slp|[msg]
|move|p2a: The Right Honourab|Surf|p1a: african back
|-supereffective|p1a: african back
|-damage|p1a: african back|170\/403
|
|-heal|p1a: african back|195\/403|[from] item: Leftovers
|upkeep
|turn|114
|inactive|the parrot97 has 15 seconds left this turn.
|inactive|the parrot97 has 10 seconds left.
|
|move|p1a: african back|Rock Slide|p2a: The Right Honourab
|-damage|p2a: The Right Honourab|23\/523
|move|p2a: The Right Honourab|Rest|p2a: The Right Honourab
|-status|p2a: The Right Honourab|slp|[from] move: Rest
|-heal|p2a: The Right Honourab|523\/523 slp|[silent]
|
|-heal|p1a: african back|220\/403|[from] item: Leftovers
|upkeep
|turn|115
|inactive|the parrot97 has 15 seconds left this turn.
|inactive|the parrot97 has 10 seconds left.
|
|switch|p1a: vicious 44|Cloyster, M|102\/287
|-damage|p1a: vicious 44|67\/287|[from] Spikes
|cant|p2a: The Right Honourab|slp
|move|p2a: The Right Honourab|Sleep Talk|p2a: The Right Honourab
|move|p2a: The Right Honourab|Surf|p1a: vicious 44|[from]Sleep Talk
|-resisted|p1a: vicious 44
|-damage|p1a: vicious 44|23\/287
|
|-heal|p1a: vicious 44|40\/287|[from] item: Leftovers
|upkeep
|turn|116
|inactive|the parrot97 has 15 seconds left this turn.
|inactive|the parrot97 has 10 seconds left.
|inactive|the parrot97 has 5 seconds left.
|inactive|the pirate99 has 180 seconds left.
|
|switch|p2a: The Very Reverend|Gengar, M|323\/323
|-damage|p2a: The Very Reverend|283\/323|[from] Spikes
|move|p1a: vicious 44|Surf|p2a: The Very Reverend
|-damage|p2a: The Very Reverend|155\/323
|
|-heal|p2a: The Very Reverend|175\/323|[from] item: Leftovers
|-heal|p1a: vicious 44|57\/287|[from] item: Leftovers
|upkeep
|turn|117
|inactive|the parrot97 has 10 seconds left this turn.
|inactive|the parrot97 has 5 seconds left.
|inactive|the pirate99 has 180 seconds left.
|
|switch|p1a: bang bang still ge|Zapdos|303\/383 slp
|move|p2a: The Very Reverend|Thunder|p1a: bang bang still ge
|-damage|p1a: bang bang still ge|190\/383 slp
|
|-heal|p2a: The Very Reverend|195\/323|[from] item: Leftovers
|-heal|p1a: bang bang still ge|213\/383 slp|[from] item: Leftovers
|upkeep
|turn|118
|inactive|the parrot97 has 10 seconds left this turn.
|inactive|the pirate99 has 180 seconds left.
|
|move|p2a: The Very Reverend|Explosion|p1a: bang bang still ge
|-damage|p1a: bang bang still ge|0 fnt
|faint|p2a: The Very Reverend
|faint|p1a: bang bang still ge
|inactive|the parrot97 has 15 seconds left this turn.
|inactive|the parrot97 has 10 seconds left.
|inactive|the parrot97 has 5 seconds left.
|-message|the parrot97 lost due to inactivity.
|
|win|the pirate99
|c|☆the pirate99|ah
|c|☆the pirate99|sry
|c|☆the pirate99|gg
|c|☆the parrot97|gg
|c|☆the parrot97|i clicked
|c|☆the parrot97|and also timer wasnt' regenerating
|c|☆the parrot97|well
|c|☆the parrot97|by like 5 seconds
</script>
</div>
<div class="battle-log battle-log-inline"><div class="inner"><div class="battle-options"></div><div class="inner"><div class="chat message-error">Battle timer is ON: inactive players will automatically lose when time's up.</div><div class=""><small>Format:</small> <br><strong>[Gen 2] OU</strong></div><div class=""><small><em>Sleep Clause Mod:</em> Limit one foe put to sleep</small></div><div class=""><small><em>Freeze Clause Mod:</em> Limit one foe frozen</small></div><div class=""><small><em>Species Clause:</em> Limit one of each Pokémon</small></div><div class=""><small><em>OHKO Clause:</em> OHKO moves are banned</small></div><div class=""><small><em>Evasion Moves Clause:</em> Evasion moves are banned</small></div><div class=""><small><em>HP Percentage Mod:</em> HP is shown in percentages</small></div><div class="spacer battle-history"><br></div><div class="battle-history">Battle started between the parrot97 and the pirate99!<br></div><div class="spacer battle-history"><br></div><div class="battle-history">Go! scuse me sharty (<strong>Exeggutor</strong>)!<br></div><div class="spacer battle-history"><br></div><div class="battle-history">the pirate99 sent out Her Royal Highness (<strong>Jynx</strong>)!<br></div><div class="spacer battle-history"><br></div><h2 class="battle-history">Turn 1</h2><div class="spacer battle-history"><br></div><div class="battle-history">scuse me sharty, come back!<br></div><div class="battle-history">Go! sneak to da bo (<strong>Snorlax</strong>)!<br></div><div class="spacer battle-history"><br></div><div class="battle-history">The opposing Her Royal Highness used <strong>Substitute</strong>!<br></div><div class="battle-history"><small>The opposing Her Royal Highness put in a substitute!</small><br></div><div class="battle-history"><small>(The opposing Her Royal Highness lost <abbr title="−83/333">24.9%</abbr> of its health!)</small><br></div><div class="spacer battle-history"><br></div><div class="battle-history"><small>The opposing Her Royal Highness restored a little HP using its Leftovers!</small><br></div><div class="spacer battle-history"><br></div><h2 class="battle-history">Turn 2</h2><div class="spacer battle-history"><br></div><div class="battle-history">The opposing Her Royal Highness used <strong>Lovely Kiss</strong>!<br></div><div class="battle-history"><small>The opposing Her Royal Highness's attack missed!</small><br></div><div class="spacer battle-history"><br></div><div class="battle-history">sneak to da bo used <strong>Double-Edge</strong>!<br></div><div class="battle-history"><small>The opposing Her Royal Highness's substitute faded!</small><br></div><div class="battle-history"><small>sneak to da bo was damaged by the recoil!</small><br></div><div class="spacer battle-history"><br></div><div class="battle-history"><small>The opposing Her Royal Highness restored a little HP using its Leftovers!</small><br></div><div class="battle-history"><small>sneak to da bo restored a little HP using its Leftovers!</small><br></div><div class="spacer battle-history"><br></div><h2 class="battle-history">Turn 3</h2><div class="spacer battle-history"><br></div><div class="battle-history">The opposing Her Royal Highness used <strong>Substitute</strong>!<br></div><div class="battle-history"><small>The opposing Her Royal Highness put in a substitute!</small><br></div><div class="battle-history"><small>(The opposing Her Royal Highness lost <abbr title="−83/333">24.9%</abbr> of its health!)</small><br></div><div class="spacer battle-history"><br></div><div class="battle-history">sneak to da bo used <strong>Double-Edge</strong>!<br></div><div class="battle-history"><small>The opposing Her Royal Highness's substitute faded!</small><br></div><div class="battle-history"><small>sneak to da bo was damaged by the recoil!</small><br></div><div class="spacer battle-history"><br></div><div class="battle-history"><small>The opposing Her Royal Highness restored a little HP using its Leftovers!</small><br></div><div class="battle-history"><small>sneak to da bo restored a little HP using its Leftovers!</small><br></div><div class="spacer battle-history"><br></div><h2 class="battle-history">Turn 4</h2><div class="chat message-error">the parrot97 has 270 seconds left.</div><div class="spacer battle-history"><br></div><div class="battle-history">The opposing Her Royal Highness used <strong>Lovely Kiss</strong>!<br></div><div class="battle-history"><small>The opposing Her Royal Highness's attack missed!</small><br></div><div class="spacer battle-history"><br></div><div class="battle-history">sneak to da bo used <strong>Curse</strong>!<br></div><div class="battle-history"><small>sneak to da bo's Speed fell!</small><br></div><div class="battle-history"><small>sneak to da bo's Attack rose!</small><br></div><div class="battle-history"><small>sneak to da bo's Defense rose!</small><br></div><div class="spacer battle-history"><br></div><div class="battle-history"><small>The opposing Her Royal Highness restored a little HP using its Leftovers!</small><br></div><div class="spacer battle-history"><br></div><h2 class="battle-history">Turn 5</h2><div class="spacer battle-history"><br></div><div class="battle-history">The opposing Her Royal Highness used <strong>Substitute</strong>!<br></div><div class="battle-history"><small>The opposing Her Royal Highness put in a substitute!</small><br></div><div class="battle-history"><small>(The opposing Her Royal Highness lost <abbr title="−83/333">24.9%</abbr> of its health!)</small><br></div><div class="spacer battle-history"><br></div><div class="battle-history">sneak to da bo used <strong>Double-Edge</strong>!<br></div><div class="battle-history"><small>The opposing Her Royal Highness's substitute faded!</small><br></div><div class="battle-history"><small>sneak to da bo was damaged by the recoil!</small><br></div><div class="spacer battle-history"><br></div><div class="battle-history"><small>The opposing Her Royal Highness restored a little HP using its Leftovers!</small><br></div><div class="battle-history"><small>sneak to da bo restored a little HP using its Leftovers!</small><br></div><div class="spacer battle-history"><br></div><h2 class="battle-history">Turn 6</h2><div class="chat message-error">the parrot97 has 270 seconds left.</div><div class="spacer battle-history"><br></div><div class="battle-history">The opposing Her Royal Highness used <strong>Lovely Kiss</strong>!<br></div><div class="battle-history"><small>sneak to da bo fell asleep!</small><br></div><div class="spacer battle-history"><br></div><div class="battle-history">sneak to da bo is fast asleep.<br></div><div class="spacer battle-history"><br></div><div class="battle-history"><small>The opposing Her Royal Highness restored a little HP using its Leftovers!</small><br></div><div class="spacer battle-history"><br></div><h2 class="battle-history">Turn 7</h2><div class="chat"><div class="broadcast-red"><strong>Moderated chat was set to ☆!</strong><br>Only users of rank ☆ and higher can talk.</div></div><div class="spacer battle-history"><br></div><div class="battle-history">The opposing Her Royal Highness used <strong>Substitute</strong>!<br></div><div class="battle-history"><small>The opposing Her Royal Highness put in a substitute!</small><br></div><div class="battle-history"><small>(The opposing Her Royal Highness lost <abbr title="−83/333">24.9%</abbr> of its health!)</small><br></div><div class="spacer battle-history"><br></div><div class="battle-history">sneak to da bo is fast asleep.<br></div><div class="spacer battle-history"><br></div><div class="battle-history">sneak to da bo used <strong>Sleep Talk</strong>!<br></div><div class="spacer battle-history"><br></div><div class="battle-history">sneak to da bo used <strong>Double-Edge</strong>!<br></div><div class="battle-history"><small>The opposing Her Royal Highness's substitute faded!</small><br></div><div class="battle-history"><small>sneak to da bo was damaged by the recoil!</small><br></div><div class="spacer battle-history"><br></div><div class="battle-history"><small>The opposing Her Royal Highness restored a little HP using its Leftovers!</small><br></div><div class="battle-history"><small>sneak to da bo restored a little HP using its Leftovers!</small><br></div><div class="spacer battle-history"><br></div><h2 class="battle-history">Turn 8</h2><div class="chat message-error">the parrot97 has 270 seconds left.</div><div class="spacer battle-history"><br></div><div class="battle-history">The opposing Her Royal Highness used <strong>Substitute</strong>!<br></div><div class="battle-history"><small>The opposing Her Royal Highness put in a substitute!</small><br></div><div class="battle-history"><small>(The opposing Her Royal Highness lost <abbr title="−83/333">24.9%</abbr> of its health!)</small><br></div><div class="battle-history"><small>sneak to da bo woke up!</small><br></div><div class="spacer battle-history"><br></div><div class="battle-history">sneak to da bo used <strong>Sleep Talk</strong>!<br></div><div class="battle-history"><small>But it failed!</small><br></div><div class="spacer battle-history"><br></div><div class="battle-history"><small>The opposing Her Royal Highness restored a little HP using its Leftovers!</small><br></div><div class="spacer battle-history"><br></div><h2 class="battle-history">Turn 9</h2><div class="spacer battle-history"><br></div><div class="battle-history">The opposing Her Royal Highness used <strong>Lovely Kiss</strong>!<br></div><div class="battle-history"><small>The opposing Her Royal Highness's attack missed!</small><br></div><div class="spacer battle-history"><br></div><div class="battle-history">sneak to da bo used <strong>Double-Edge</strong>!<br></div><div class="battle-history"><small>The opposing Her Royal Highness's substitute faded!</small><br></div><div class="battle-history"><small>sneak to da bo was damaged by the recoil!</small><br></div><div class="spacer battle-history"><br></div><div class="battle-history"><small>The opposing Her Royal Highness restored a little HP using its Leftovers!</small><br></div><div class="battle-history"><small>sneak to da bo restored a little HP using its Leftovers!</small><br></div><div class="spacer battle-history"><br></div><h2 class="battle-history">Turn 10</h2><div class="spacer battle-history"><br></div><div class="battle-history">the pirate99 withdrew Her Royal Highness!<br></div><div class="battle-history">the pirate99 sent out The Very Reverend (<strong>Gengar</strong>)!<br></div><div class="spacer battle-history"><br></div><div class="battle-history">sneak to da bo used <strong>Double-Edge</strong>!<br></div><div class="battle-history"><small>It doesn't affect the opposing The Very Reverend...</small><br></div><div class="spacer battle-history"><br></div><h2 class="battle-history">Turn 11</h2><div class="chat message-error">the parrot97 has 270 seconds left.</div><div class="spacer battle-history"><br></div><div class="battle-history">sneak to da bo, come back!<br></div><div class="battle-history">Go! bang bang still ge (<strong>Zapdos</strong>)!<br></div><div class="spacer battle-history"><br></div><div class="battle-history">The opposing The Very Reverend used <strong>Dynamic Punch</strong>!<br></div><div class="battle-history"><small>It's not very effective...</small><br></div><div class="battle-history"><small>(bang bang still ge lost <abbr title="−34/383">8.9%</abbr> of its health!)</small><br></div><div class="battle-history"><small>bang bang still ge became confused!</small><br></div><div class="spacer battle-history"><br></div><div class="battle-history"><small>bang bang still ge restored a little HP using its Leftovers!</small><br></div><div class="spacer battle-history"><br></div><h2 class="battle-history">Turn 12</h2><div class="chat message-error">the parrot97 has 240 seconds left.</div><div class="spacer battle-history"><br></div><div class="battle-history">bang bang still ge, come back!<br></div><div class="battle-history">Go! african back (<strong>Tyranitar</strong>)!<br></div><div class="spacer battle-history"><br></div><div class="battle-history">The opposing The Very Reverend used <strong>Thunder</strong>!<br></div><div class="battle-history"><small>The opposing The Very Reverend's attack missed!</small><br></div><div class="spacer battle-history"><br></div><h2 class="battle-history">Turn 13</h2><div class="chat message-error">the parrot97 has 210 seconds left.</div><div class="chat message-error">the pirate99 has 270 seconds left.</div><div class="spacer battle-history"><br></div><div class="battle-history">the pirate99 withdrew The Very Reverend!<br></div><div class="battle-history">the pirate99 sent out Hoghly Learned Sir (<strong>Cloyster</strong>)!<br></div><div class="spacer battle-history"><br></div><div class="battle-history">african back, come back!<br></div><div class="battle-history">Go! bang bang still ge (<strong>Zapdos</strong>)!<br></div><div class="spacer battle-history"><br></div><div class="battle-history"><small>bang bang still ge restored a little HP using its Leftovers!</small><br></div><div class="spacer battle-history"><br></div><h2 class="battle-history">Turn 14</h2><div class="chat message-error">the pirate99 has 270 seconds left.</div><div class="spacer battle-history"><br></div><div class="battle-history">bang bang still ge, come back!<br></div><div class="battle-history">Go! vicious 44 (<strong>Cloyster</strong>)!<br></div><div class="spacer battle-history"><br></div><div class="battle-history">the pirate99 withdrew Hoghly Learned Sir!<br></div><div class="battle-history">the pirate99 sent out The Right Honourab (<strong>Snorlax</strong>)!<br></div><div class="spacer battle-history"><br></div><h2 class="battle-history">Turn 15</h2><div class="chat message-error">the parrot97 has 180 seconds left.</div><div class="spacer battle-history"><br></div><div class="battle-history">the pirate99 withdrew The Right Honourab!<br></div><div class="battle-history">the pirate99 sent out Hoghly Learned Sir (<strong>Cloyster</strong>)!<br></div><div class="spacer battle-history"><br></div><div class="battle-history">vicious 44 used <strong>Spikes</strong>!<br></div><div class="battle-history"><small>Spikes were scattered on the ground all around the opposing team!</small><br></div><div class="spacer battle-history"><br></div><h2 class="battle-history">Turn 16</h2><div class="chat message-error">the parrot97 has 180 seconds left.</div><div class="spacer battle-history"><br></div><div class="battle-history">vicious 44, come back!<br></div><div class="battle-history">Go! bang bang still ge (<strong>Zapdos</strong>)!<br></div><div class="spacer battle-history"><br></div><div class="battle-history">The opposing Hoghly Learned Sir used <strong>Toxic</strong>!<br></div><div class="battle-history"><small>bang bang still ge was badly poisoned!</small><br></div><div class="spacer battle-history"><br></div><h2 class="battle-history">Turn 17</h2><div class="spacer battle-history"><br></div><div class="battle-history">the pirate99 withdrew Hoghly Learned Sir!<br></div><div class="battle-history">the pirate99 sent out The Right Honourab (<strong>Snorlax</strong>)!<br></div><div class="battle-history"><small>The opposing The Right Honourab was hurt by the spikes!</small><br></div><div class="spacer battle-history"><br></div><div class="battle-history">bang bang still ge used <strong>Thunder</strong>!<br></div><div class="battle-history"><small>(The opposing The Right Honourab lost <abbr title="−157/523">30.0%</abbr> of its health!)</small><br></div><div class="battle-history"><small>bang bang still ge was hurt by poison!</small><br></div><div class="spacer battle-history"><br></div><div class="battle-history"><small>bang bang still ge restored a little HP using its Leftovers!</small><br></div><div class="battle-history"><small>The opposing The Right Honourab restored a little HP using its Leftovers!</small><br></div><div class="spacer battle-history"><br></div><h2 class="battle-history">Turn 18</h2><div class="chat message-error">the parrot97 has 180 seconds left.</div><div class="chat message-error">the parrot97 has 150 seconds left.</div><div class="spacer battle-history"><br></div><div class="battle-history">bang bang still ge, come back!<br></div><div class="battle-history">Go! scuse me sharty (<strong>Exeggutor</strong>)!<br></div><div class="spacer battle-history"><br></div><div class="battle-history">The opposing The Right Honourab used <strong>Double-Edge</strong>!<br></div><div class="battle-history"><small>(scuse me sharty lost <abbr title="−153/393">38.9%</abbr> of its health!)</small><br></div><div class="battle-history"><small>The opposing The Right Honourab was damaged by the recoil!</small><br></div><div class="spacer battle-history"><br></div><div class="battle-history"><small>The opposing The Right Honourab restored a little HP using its Leftovers!</small><br></div><div class="spacer battle-history"><br></div><h2 class="battle-history">Turn 19</h2><div class="chat message-error">the parrot97 has 150 seconds left.</div><div class="spacer battle-history"><br></div><div class="battle-history">scuse me sharty used <strong>Sleep Powder</strong>!<br></div><div class="battle-history"><small>The opposing The Right Honourab fell asleep!</small><br></div><div class="spacer battle-history"><br></div><div class="battle-history">The opposing The Right Honourab is fast asleep.<br></div><div class="spacer battle-history"><br></div><div class="battle-history"><small>The opposing The Right Honourab restored a little HP using its Leftovers!</small><br></div><div class="spacer battle-history"><br></div><h2 class="battle-history">Turn 20</h2><div class="chat message-error">the parrot97 has 150 seconds left.</div><div class="spacer battle-history"><br></div><div class="battle-history">scuse me sharty used <strong>Thief</strong>!<br></div><div class="battle-history"><small>(The opposing The Right Honourab lost <abbr title="−37/523">7.1%</abbr> of its health!)</small><br></div><div class="battle-history"><small>scuse me sharty stole the opposing The Right Honourab's Leftovers!</small><br></div><div class="spacer battle-history"><br></div><div class="battle-history">The opposing The Right Honourab is fast asleep.<br></div><div class="spacer battle-history"><br></div><div class="battle-history">The opposing The Right Honourab used <strong>Sleep Talk</strong>!<br></div><div class="spacer battle-history"><br></div><div class="battle-history">The opposing The Right Honourab used <strong>Rest</strong>!<br></div><div class="spacer battle-history"><br></div><div class="battle-history"><small>scuse me sharty restored a little HP using its Leftovers!</small><br></div><div class="spacer battle-history"><br></div><h2 class="battle-history">Turn 21</h2><div class="chat message-error">the pirate99 has 270 seconds left.</div><div class="chat message-error">the parrot97 has 120 seconds left.</div><div class="spacer battle-history"><br></div><div class="battle-history">scuse me sharty, come back!<br></div><div class="battle-history">Go! african back (<strong>Tyranitar</strong>)!<br></div><div class="spacer battle-history"><br></div><div class="battle-history">The opposing The Right Honourab is fast asleep.<br></div><div class="spacer battle-history"><br></div><div class="battle-history">The opposing The Right Honourab used <strong>Sleep Talk</strong>!<br></div><div class="spacer battle-history"><br></div><div class="battle-history">The opposing The Right Honourab used <strong>Rest</strong>!<br></div><div class="battle-history"><small>But it failed!</small><br></div><div class="spacer battle-history"><br></div><h2 class="battle-history">Turn 22</h2><div class="chat message-error">the parrot97 has 120 seconds left.</div><div class="chat message-error">the pirate99 has 270 seconds left.</div><div class="spacer battle-history"><br></div><div class="battle-history">The opposing The Right Honourab is fast asleep.<br></div><div class="spacer battle-history"><br></div><div class="battle-history">The opposing The Right Honourab used <strong>Sleep Talk</strong>!<br></div><div class="spacer battle-history"><br></div><div class="battle-history">The opposing The Right Honourab used <strong>Surf</strong>!<br></div><div class="battle-history"><small>It's super effective!</small><br></div><div class="battle-history"><small>(african back lost <abbr title="−122/403">30.3%</abbr> of its health!)</small><br></div><div class="spacer battle-history"><br></div><div class="battle-history">african back used <strong>Roar</strong>!<br></div><div class="spacer battle-history"><br></div><div class="battle-history">Hoghly Learned Sir (<strong>Cloyster</strong>) was dragged out!<br></div><div class="battle-history"><small>The opposing Hoghly Learned Sir was hurt by the spikes!</small><br></div><div class="spacer battle-history"><br></div><div class="battle-history"><small>The opposing Hoghly Learned Sir restored a little HP using its Leftovers!</small><br></div><div class="battle-history"><small>african back restored a little HP using its Leftovers!</small><br></div><div class="spacer battle-history"><br></div><h2 class="battle-history">Turn 23</h2><div class="chat message-error">the parrot97 has 120 seconds left.</div><div class="chat message-error">the pirate99 has 270 seconds left.</div><div class="chat message-error">the parrot97 has 90 seconds left.</div><div class="spacer battle-history"><br></div><div class="battle-history">african back, come back!<br></div><div class="battle-history">Go! bang bang still ge (<strong>Zapdos</strong>)!<br></div><div class="battle-history"><small>bang bang still ge was hurt by poison!</small><br></div><div class="spacer battle-history"><br></div><div class="battle-history">The opposing Hoghly Learned Sir used <strong>Spikes</strong>!<br></div><div class="battle-history"><small>Spikes were scattered on the ground all around your team!</small><br></div><div class="spacer battle-history"><br></div><div class="battle-history"><small>bang bang still ge restored a little HP using its Leftovers!</small><br></div><div class="battle-history"><small>The opposing Hoghly Learned Sir restored a little HP using its Leftovers!</small><br></div><div class="spacer battle-history"><br></div><h2 class="battle-history">Turn 24</h2><div class="spacer battle-history"><br></div><div class="battle-history">the pirate99 withdrew Hoghly Learned Sir!<br></div><div class="battle-history">the pirate99 sent out The Right Honourab (<strong>Snorlax</strong>)!<br></div><div class="battle-history"><small>The opposing The Right Honourab was hurt by the spikes!</small><br></div><div class="spacer battle-history"><br></div><div class="battle-history">bang bang still ge used <strong>Thunder</strong>!<br></div><div class="battle-history"><small>(The opposing The Right Honourab lost <abbr title="−169/523">32.3%</abbr> of its health!)</small><br></div><div class="battle-history"><small>bang bang still ge was hurt by poison!</small><br></div><div class="spacer battle-history"><br></div><div class="battle-history"><small>bang bang still ge restored a little HP using its Leftovers!</small><br></div><div class="spacer battle-history"><br></div><h2 class="battle-history">Turn 25</h2><div class="chat message-error">the pirate99 has 270 seconds left.</div><div class="chat message-error">the parrot97 has 60 seconds left.</div><div class="spacer battle-history"><br></div><div class="battle-history">bang bang still ge used <strong>Thunder</strong>!<br></div><div class="battle-history"><small>(The opposing The Right Honourab lost <abbr title="−167/523">31.9%</abbr> of its health!)</small><br></div><div class="battle-history"><small>bang bang still ge was hurt by poison!</small><br></div><div class="battle-history"><small>The opposing The Right Honourab woke up!</small><br></div><div class="spacer battle-history"><br></div><div class="battle-history">The opposing The Right Honourab used <strong>Rest</strong>!<br></div><div class="battle-history"><small>The opposing The Right Honourab slept and became healthy!</small><br></div><div class="spacer battle-history"><br></div><div class="battle-history"><small>bang bang still ge restored a little HP using its Leftovers!</small><br></div><div class="spacer battle-history"><br></div><h2 class="battle-history">Turn 26</h2><div class="chat message-error">the parrot97 has 30 seconds left.</div><div class="spacer battle-history"><br></div><div class="battle-history">bang bang still ge, come back!<br></div><div class="battle-history">Go! vicious 44 (<strong>Cloyster</strong>)!<br></div><div class="battle-history"><small>vicious 44 was hurt by the spikes!</small><br></div><div class="spacer battle-history"><br></div><div class="battle-history">The opposing The Right Honourab is fast asleep.<br></div><div class="spacer battle-history"><br></div><div class="battle-history">The opposing The Right Honourab used <strong>Sleep Talk</strong>!<br></div><div class="spacer battle-history"><br></div><div class="battle-history">The opposing The Right Honourab used <strong>Surf</strong>!<br></div><div class="battle-history"><small>It's not very effective...</small><br></div><div class="battle-history"><small>(vicious 44 lost <abbr title="−47/287">16.4%</abbr> of its health!)</small><br></div><div class="spacer battle-history"><br></div><div class="battle-history"><small>vicious 44 restored a little HP using its Leftovers!</small><br></div><div class="spacer battle-history"><br></div><h2 class="battle-history">Turn 27</h2><div class="chat message-error">the parrot97 has 30 seconds left.</div><div class="spacer battle-history"><br></div><div class="battle-history">the pirate99 withdrew The Right Honourab!<br></div><div class="battle-history">the pirate99 sent out The Very Reverend (<strong>Gengar</strong>)!<br></div><div class="battle-history"><small>The opposing The Very Reverend was hurt by the spikes!</small><br></div><div class="spacer battle-history"><br></div><div class="battle-history">vicious 44 used <strong>Surf</strong>!<br></div><div class="battle-history"><small>(The opposing The Very Reverend lost <abbr title="−115/323">35.6%</abbr> of its health!)</small><br></div><div class="spacer battle-history"><br></div><div class="battle-history"><small>The opposing The Very Reverend restored a little HP using its Leftovers!</small><br></div><div class="battle-history"><small>vicious 44 restored a little HP using its Leftovers!</small><br></div><div class="spacer battle-history"><br></div><h2 class="battle-history">Turn 28</h2><div class="chat message-error">the parrot97 has 30 seconds left.</div><div class="chat message-error">the parrot97 has 20 seconds left.</div><div class="chat message-error">the parrot97 has 15 seconds left.</div><div class="spacer battle-history"><br></div><div class="battle-history">vicious 44, come back!<br></div><div class="battle-history">Go! sneak to da bo (<strong>Snorlax</strong>)!<br></div><div class="battle-history"><small>sneak to da bo was hurt by the spikes!</small><br></div><div class="spacer battle-history"><br></div><div class="battle-history">The opposing The Very Reverend used <strong>Dynamic Punch</strong>!<br></div><div class="battle-history"><small>It's super effective!</small><br></div><div class="battle-history"><small>(sneak to da bo lost <abbr title="−166/523">31.7%</abbr> of its health!)</small><br></div><div class="battle-history"><small>sneak to da bo became confused!</small><br></div><div class="spacer battle-history"><br></div><div class="battle-history"><small>The opposing The Very Reverend restored a little HP using its Leftovers!</small><br></div><div class="battle-history"><small>sneak to da bo restored a little HP using its Leftovers!</small><br></div><div class="spacer battle-history"><br></div><h2 class="battle-history">Turn 29</h2><div class="chat message-error">the parrot97 has 25 seconds left this turn.</div><div class="chat message-error">the parrot97 has 20 seconds left.</div><div class="chat message-error">the pirate99 has 270 seconds left.</div><div class="spacer battle-history"><br></div><div class="battle-history">The opposing The Very Reverend used <strong>Dynamic Punch</strong>!<br></div><div class="battle-history"><small>It's super effective!</small><br></div><div class="battle-history"><small>(sneak to da bo lost <abbr title="−170/523">32.5%</abbr> of its health!)</small><br></div><div class="spacer battle-history"><br></div><div class="battle-history"><small>sneak to da bo is confused!</small><br></div><div class="battle-history">sneak to da bo used <strong>Rest</strong>!<br></div><div class="battle-history"><small>sneak to da bo slept and became healthy!</small><br></div><div class="spacer battle-history"><br></div><div class="battle-history"><small>The opposing The Very Reverend restored a little HP using its Leftovers!</small><br></div><div class="spacer battle-history"><br></div><h2 class="battle-history">Turn 30</h2><div class="chat message-error">the parrot97 has 30 seconds left this turn.</div><div class="chat message-error">the parrot97 has 20 seconds left.</div><div class="chat message-error">the pirate99 has 270 seconds left.</div><div class="chat message-error">the parrot97 has 15 seconds left.</div><div class="spacer battle-history"><br></div><div class="battle-history">The opposing The Very Reverend used <strong>Thunder</strong>!<br></div><div class="battle-history"><small>The opposing The Very Reverend's attack missed!</small><br></div><div class="spacer battle-history"><br></div><div class="battle-history">sneak to da bo is fast asleep.<br></div><div class="spacer battle-history"><br></div><div class="battle-history"><small>sneak to da bo is confused!</small><br></div><div class="battle-history">It hurt itself in its confusion!<br></div><div class="spacer battle-history"><br></div><div class="battle-history"><small>The opposing The Very Reverend restored a little HP using its Leftovers!</small><br></div><div class="battle-history"><small>sneak to da bo restored a little HP using its Leftovers!</small><br></div><div class="spacer battle-history"><br></div><h2 class="battle-history">Turn 31</h2><div class="chat message-error">the parrot97 has 25 seconds left this turn.</div><div class="spacer battle-history"><br></div><div class="battle-history">The opposing The Very Reverend used <strong>Thunder</strong>!<br></div><div class="battle-history"><small>The opposing The Very Reverend's attack missed!</small><br></div><div class="spacer battle-history"><br></div><div class="battle-history">sneak to da bo is fast asleep.<br></div><div class="spacer battle-history"><br></div><div class="battle-history"><small>sneak to da bo is confused!</small><br></div><div class="battle-history">It hurt itself in its confusion!<br></div><div class="spacer battle-history"><br></div><div class="battle-history"><small>The opposing The Very Reverend restored a little HP using its Leftovers!</small><br></div><div class="battle-history"><small>sneak to da bo restored a little HP using its Leftovers!</small><br></div><div class="spacer battle-history"><br></div><h2 class="battle-history">Turn 32</h2><div class="chat message-error">the parrot97 has 30 seconds left.</div><div class="spacer battle-history"><br></div><div class="battle-history">The opposing The Very Reverend used <strong>Thunder</strong>!<br></div><div class="battle-history"><small>(sneak to da bo lost <abbr title="−109/523">20.8%</abbr> of its health!)</small><br></div><div class="battle-history"><small>sneak to da bo woke up!</small><br></div><div class="spacer battle-history"><br></div><div class="battle-history"><small>sneak to da bo is confused!</small><br></div><div class="battle-history">It hurt itself in its confusion!<br></div><div class="spacer battle-history"><br></div><div class="battle-history"><small>The opposing The Very Reverend restored a little HP using its Leftovers!</small><br></div><div class="battle-history"><small>sneak to da bo restored a little HP using its Leftovers!</small><br></div><div class="spacer battle-history"><br></div><h2 class="battle-history">Turn 33</h2><div class="spacer battle-history"><br></div><div class="battle-history">The opposing The Very Reverend used <strong>Ice Punch</strong>!<br></div><div class="battle-history"><small>(sneak to da bo lost <abbr title="−65/523">12.4%</abbr> of its health!)</small><br></div><div class="battle-history"><small>sneak to da bo snapped out of its confusion!</small><br></div><div class="spacer battle-history"><br></div><div class="battle-history">sneak to da bo used <strong>Rest</strong>!<br></div><div class="battle-history"><small>sneak to da bo slept and became healthy!</small><br></div><div class="spacer battle-history"><br></div><div class="battle-history"><small>The opposing The Very Reverend restored a little HP using its Leftovers!</small><br></div><div class="spacer battle-history"><br></div><h2 class="battle-history">Turn 34</h2><div class="spacer battle-history"><br></div><div class="battle-history">The opposing The Very Reverend used <strong>Ice Punch</strong>!<br></div><div class="battle-history"><small>(sneak to da bo lost <abbr title="−67/523">12.8%</abbr> of its health!)</small><br></div><div class="spacer battle-history"><br></div><div class="battle-history">sneak to da bo is fast asleep.<br></div><div class="spacer battle-history"><br></div><div class="battle-history"><small>The opposing The Very Reverend restored a little HP using its Leftovers!</small><br></div><div class="battle-history"><small>sneak to da bo restored a little HP using its Leftovers!</small><br></div><div class="spacer battle-history"><br></div><h2 class="battle-history">Turn 35</h2><div class="spacer battle-history"><br></div><div class="battle-history">The opposing The Very Reverend used <strong>Thunder</strong>!<br></div><div class="battle-history"><small>(sneak to da bo lost <abbr title="−101/523">19.3%</abbr> of its health!)</small><br></div><div class="spacer battle-history"><br></div><div class="battle-history">sneak to da bo is fast asleep.<br></div><div class="spacer battle-history"><br></div><div class="battle-history">sneak to da bo used <strong>Sleep Talk</strong>!<br></div><div class="spacer battle-history"><br></div><div class="battle-history">sneak to da bo used <strong>Double-Edge</strong>!<br></div><div class="battle-history"><small>It doesn't affect the opposing The Very Reverend...</small><br></div><div class="spacer battle-history"><br></div><div class="battle-history"><small>sneak to da bo restored a little HP using its Leftovers!</small><br></div><div class="spacer battle-history"><br></div><h2 class="battle-history">Turn 36</h2><div class="spacer battle-history"><br></div><div class="battle-history">the pirate99 withdrew The Very Reverend!<br></div><div class="battle-history">the pirate99 sent out Lord of the Isles (<strong>Golem</strong>)!<br></div><div class="battle-history"><small>The opposing Lord of the Isles was hurt by the spikes!</small><br></div><div class="battle-history"><small>sneak to da bo woke up!</small><br></div><div class="spacer battle-history"><br></div><div class="battle-history">sneak to da bo used <strong>Double-Edge</strong>!<br></div><div class="battle-history"><small>It's not very effective...</small><br></div><div class="battle-history"><small>(The opposing Lord of the Isles lost <abbr title="−62/363">17.1%</abbr> of its health!)</small><br></div><div class="battle-history"><small>sneak to da bo was damaged by the recoil!</small><br></div><div class="spacer battle-history"><br></div><div class="battle-history"><small>The opposing Lord of the Isles restored a little HP using its Leftovers!</small><br></div><div class="battle-history"><small>sneak to da bo restored a little HP using its Leftovers!</small><br></div><div class="spacer battle-history"><br></div><h2 class="battle-history">Turn 37</h2><div class="spacer battle-history"><br></div><div class="battle-history">sneak to da bo, come back!<br></div><div class="battle-history">Go! vicious 44 (<strong>Cloyster</strong>)!<br></div><div class="battle-history"><small>vicious 44 was hurt by the spikes!</small><br></div><div class="spacer battle-history"><br></div><div class="battle-history">The opposing Lord of the Isles used <strong>Roar</strong>!<br></div><div class="spacer battle-history"><br></div><div class="battle-history">show u da wave (<strong>Vaporeon</strong>) was dragged out!<br></div><div class="battle-history"><small>show u da wave was hurt by the spikes!</small><br></div><div class="spacer battle-history"><br></div><div class="battle-history"><small>show u da wave restored a little HP using its Leftovers!</small><br></div><div class="battle-history"><small>The opposing Lord of the Isles restored a little HP using its Leftovers!</small><br></div><div class="spacer battle-history"><br></div><h2 class="battle-history">Turn 38</h2><div class="spacer battle-history"><br></div><div class="battle-history">show u da wave, come back!<br></div><div class="battle-history">Go! bang bang still ge (<strong>Zapdos</strong>)!<br></div><div class="battle-history"><small>bang bang still ge was hurt by poison!</small><br></div><div class="spacer battle-history"><br></div><div class="battle-history">the pirate99 withdrew Lord of the Isles!<br></div><div class="battle-history">the pirate99 sent out Lord Chief Justice (<strong>Zapdos</strong>)!<br></div><div class="spacer battle-history"><br></div><div class="battle-history"><small>bang bang still ge restored a little HP using its Leftovers!</small><br></div><div class="spacer battle-history"><br></div><h2 class="battle-history">Turn 39</h2><div class="spacer battle-history"><br></div><div class="battle-history">The opposing Lord Chief Justice used <strong>Hidden Power</strong>!<br></div><div class="battle-history"><small>It's super effective!</small><br></div><div class="battle-history"><small>(bang bang still ge lost <abbr title="−140/383">36.6%</abbr> of its health!)</small><br></div><div class="spacer battle-history"><br></div><div class="battle-history">bang bang still ge used <strong>Rest</strong>!<br></div><div class="battle-history"><small>bang bang still ge slept and became healthy!</small><br></div><div class="spacer battle-history"><br></div><h2 class="battle-history">Turn 40</h2><div class="spacer battle-history"><br></div><div class="battle-history">The opposing Lord Chief Justice used <strong>Hidden Power</strong>!<br></div><div class="battle-history"><small>It's super effective!</small><br></div><div class="battle-history"><small>(bang bang still ge lost <abbr title="−149/383">38.9%</abbr> of its health!)</small><br></div><div class="spacer battle-history"><br></div><div class="battle-history">bang bang still ge is fast asleep.<br></div><div class="spacer battle-history"><br></div><div class="battle-history">bang bang still ge used <strong>Sleep Talk</strong>!<br></div><div class="spacer battle-history"><br></div><div class="battle-history">bang bang still ge used <strong>Hidden Power</strong>!<br></div><div class="battle-history"><small>It's super effective!</small><br></div><div class="battle-history"><small>(The opposing Lord Chief Justice lost <abbr title="−133/383">34.7%</abbr> of its health!)</small><br></div><div class="spacer battle-history"><br></div><div class="battle-history"><small>bang bang still ge restored a little HP using its Leftovers!</small><br></div><div class="battle-history"><small>The opposing Lord Chief Justice restored a little HP using its Leftovers!</small><br></div><div class="spacer battle-history"><br></div><h2 class="battle-history">Turn 41</h2><div class="spacer battle-history"><br></div><div class="battle-history">bang bang still ge, come back!<br></div><div class="battle-history">Go! sneak to da bo (<strong>Snorlax</strong>)!<br></div><div class="battle-history"><small>sneak to da bo was hurt by the spikes!</small><br></div><div class="spacer battle-history"><br></div><div class="battle-history">The opposing Lord Chief Justice used <strong>Thunder</strong>!<br></div><div class="battle-history"><small>The opposing Lord Chief Justice's attack missed!</small><br></div><div class="spacer battle-history"><br></div><div class="battle-history"><small>The opposing Lord Chief Justice restored a little HP using its Leftovers!</small><br></div><div class="battle-history"><small>sneak to da bo restored a little HP using its Leftovers!</small><br></div><div class="spacer battle-history"><br></div><h2 class="battle-history">Turn 42</h2><div class="spacer battle-history"><br></div><div class="battle-history">The opposing Lord Chief Justice used <strong>Thunder</strong>!<br></div><div class="battle-history"><small>(sneak to da bo lost <abbr title="−149/523">28.5%</abbr> of its health!)</small><br></div><div class="battle-history"><small>sneak to da bo is paralyzed! It may be unable to move!</small><br></div><div class="spacer battle-history"><br></div><div class="battle-history">sneak to da bo used <strong>Curse</strong>!<br></div><div class="battle-history"><small>sneak to da bo's Speed fell!</small><br></div><div class="battle-history"><small>sneak to da bo's Attack rose!</small><br></div><div class="battle-history"><small>sneak to da bo's Defense rose!</small><br></div><div class="spacer battle-history"><br></div><div class="battle-history"><small>The opposing Lord Chief Justice restored a little HP using its Leftovers!</small><br></div><div class="battle-history"><small>sneak to da bo restored a little HP using its Leftovers!</small><br></div><div class="spacer battle-history"><br></div><h2 class="battle-history">Turn 43</h2><div class="spacer battle-history"><br></div><div class="battle-history">the pirate99 withdrew Lord Chief Justice!<br></div><div class="battle-history">the pirate99 sent out Lord of the Isles (<strong>Golem</strong>)!<br></div><div class="battle-history"><small>The opposing Lord of the Isles was hurt by the spikes!</small><br></div><div class="spacer battle-history"><br></div><div class="battle-history">sneak to da bo used <strong>Rest</strong>!<br></div><div class="battle-history"><small>sneak to da bo slept and became healthy!</small><br></div><div class="spacer battle-history"><br></div><div class="battle-history"><small>The opposing Lord of the Isles restored a little HP using its Leftovers!</small><br></div><div class="spacer battle-history"><br></div><h2 class="battle-history">Turn 44</h2><div class="chat message-error">the parrot97 has 60 seconds left.</div><div class="spacer battle-history"><br></div><div class="battle-history">sneak to da bo, come back!<br></div><div class="battle-history">Go! vicious 44 (<strong>Cloyster</strong>)!<br></div><div class="battle-history"><small>vicious 44 was hurt by the spikes!</small><br></div><div class="spacer battle-history"><br></div><div class="battle-history">The opposing Lord of the Isles used <strong>Rapid Spin</strong>!<br></div><div class="battle-history"><small>(vicious 44 lost <abbr title="−12/287">4.2%</abbr> of its health!)</small><br></div><div class="battle-history"><small>The spikes disappeared from the ground around the opposing team!</small><br></div><div class="spacer battle-history"><br></div><div class="battle-history"><small>vicious 44 restored a little HP using its Leftovers!</small><br></div><div class="battle-history"><small>The opposing Lord of the Isles restored a little HP using its Leftovers!</small><br></div><div class="spacer battle-history"><br></div><h2 class="battle-history">Turn 45</h2><div class="chat message-error">the parrot97 has 60 seconds left.</div><div class="spacer battle-history"><br></div><div class="battle-history">the pirate99 withdrew Lord of the Isles!<br></div><div class="battle-history">the pirate99 sent out The Very Reverend (<strong>Gengar</strong>)!<br></div><div class="spacer battle-history"><br></div><div class="battle-history">vicious 44 used <strong>Spikes</strong>!<br></div><div class="battle-history"><small>Spikes were scattered on the ground all around the opposing team!</small><br></div><div class="spacer battle-history"><br></div><div class="battle-history"><small>vicious 44 restored a little HP using its Leftovers!</small><br></div><div class="spacer battle-history"><br></div><h2 class="battle-history">Turn 46</h2><div class="chat message-error">the parrot97 has 60 seconds left.</div><div class="spacer battle-history"><br></div><div class="battle-history">vicious 44, come back!<br></div><div class="battle-history">Go! sneak to da bo (<strong>Snorlax</strong>)!<br></div><div class="battle-history"><small>sneak to da bo was hurt by the spikes!</small><br></div><div class="spacer battle-history"><br></div><div class="battle-history">The opposing The Very Reverend used <strong>Ice Punch</strong>!<br></div><div class="battle-history"><small>(sneak to da bo lost <abbr title="−67/523">12.8%</abbr> of its health!)</small><br></div><div class="spacer battle-history"><br></div><div class="battle-history"><small>sneak to da bo restored a little HP using its Leftovers!</small><br></div><div class="spacer battle-history"><br></div><h2 class="battle-history">Turn 47</h2><div class="chat message-error">the parrot97 has 60 seconds left.</div><div class="spacer battle-history"><br></div><div class="battle-history">The opposing The Very Reverend used <strong>Ice Punch</strong>!<br></div><div class="battle-history"><small>(sneak to da bo lost <abbr title="−69/523">13.2%</abbr> of its health!)</small><br></div><div class="spacer battle-history"><br></div><div class="battle-history">sneak to da bo is fast asleep.<br></div><div class="spacer battle-history"><br></div><div class="battle-history">sneak to da bo used <strong>Sleep Talk</strong>!<br></div><div class="spacer battle-history"><br></div><div class="battle-history">sneak to da bo used <strong>Double-Edge</strong>!<br></div><div class="battle-history"><small>It doesn't affect the opposing The Very Reverend...</small><br></div><div class="spacer battle-history"><br></div><div class="battle-history"><small>sneak to da bo restored a little HP using its Leftovers!</small><br></div><div class="spacer battle-history"><br></div><h2 class="battle-history">Turn 48</h2><div class="spacer battle-history"><br></div><div class="battle-history">The opposing The Very Reverend used <strong>Thunder</strong>!<br></div><div class="battle-history"><small>(sneak to da bo lost <abbr title="−98/523">18.7%</abbr> of its health!)</small><br></div><div class="spacer battle-history"><br></div><div class="battle-history">sneak to da bo is fast asleep.<br></div><div class="spacer battle-history"><br></div><div class="battle-history"><small>sneak to da bo restored a little HP using its Leftovers!</small><br></div><div class="spacer battle-history"><br></div><h2 class="battle-history">Turn 49</h2><div class="spacer battle-history"><br></div><div class="battle-history">the pirate99 withdrew The Very Reverend!<br></div><div class="battle-history">the pirate99 sent out Lord of the Isles (<strong>Golem</strong>)!<br></div><div class="battle-history"><small>The opposing Lord of the Isles was hurt by the spikes!</small><br></div><div class="battle-history"><small>sneak to da bo woke up!</small><br></div><div class="spacer battle-history"><br></div><div class="battle-history">sneak to da bo used <strong>Rest</strong>!<br></div><div class="battle-history"><small>sneak to da bo slept and became healthy!</small><br></div><div class="spacer battle-history"><br></div><div class="battle-history"><small>The opposing Lord of the Isles restored a little HP using its Leftovers!</small><br></div><div class="spacer battle-history"><br></div><h2 class="battle-history">Turn 50</h2><div class="spacer battle-history"><br></div><div class="battle-history">sneak to da bo, come back!<br></div><div class="battle-history">Go! vicious 44 (<strong>Cloyster</strong>)!<br></div><div class="battle-history"><small>vicious 44 was hurt by the spikes!</small><br></div><div class="spacer battle-history"><br></div><div class="battle-history">The opposing Lord of the Isles used <strong>Earthquake</strong>!<br></div><div class="battle-history"><small>(vicious 44 lost <abbr title="−86/287">30.0%</abbr> of its health!)</small><br></div><div class="spacer battle-history"><br></div><div class="battle-history"><small>vicious 44 restored a little HP using its Leftovers!</small><br></div><div class="battle-history"><small>The opposing Lord of the Isles restored a little HP using its Leftovers!</small><br></div><div class="spacer battle-history"><br></div><h2 class="battle-history">Turn 51</h2><div class="spacer battle-history"><br></div><div class="battle-history">the pirate99 withdrew Lord of the Isles!<br></div><div class="battle-history">the pirate99 sent out Hoghly Learned Sir (<strong>Cloyster</strong>)!<br></div><div class="battle-history"><small>The opposing Hoghly Learned Sir was hurt by the spikes!</small><br></div><div class="spacer battle-history"><br></div><div class="battle-history">vicious 44 used <strong>Surf</strong>!<br></div><div class="battle-history"><small>It's not very effective...</small><br></div><div class="battle-history"><small>(The opposing Hoghly Learned Sir lost <abbr title="−73/303">24.1%</abbr> of its health!)</small><br></div><div class="spacer battle-history"><br></div><div class="battle-history"><small>vicious 44 restored a little HP using its Leftovers!</small><br></div><div class="battle-history"><small>The opposing Hoghly Learned Sir restored a little HP using its Leftovers!</small><br></div><div class="spacer battle-history"><br></div><h2 class="battle-history">Turn 52</h2><div class="chat message-error">the parrot97 has 60 seconds left.</div><div class="chat message-error">the pirate99 has 270 seconds left.</div><div class="spacer battle-history"><br></div><div class="battle-history">vicious 44, come back!<br></div><div class="battle-history">Go! scuse me sharty (<strong>Exeggutor</strong>)!<br></div><div class="battle-history"><small>scuse me sharty was hurt by the spikes!</small><br></div><div class="spacer battle-history"><br></div><div class="battle-history">The opposing Hoghly Learned Sir used <strong>Surf</strong>!<br></div><div class="battle-history"><small>It's not very effective...</small><br></div><div class="battle-history"><small>(scuse me sharty lost <abbr title="−60/393">15.3%</abbr> of its health!)</small><br></div><div class="spacer battle-history"><br></div><div class="battle-history"><small>The opposing Hoghly Learned Sir restored a little HP using its Leftovers!</small><br></div><div class="battle-history"><small>scuse me sharty restored a little HP using its Leftovers!</small><br></div><div class="spacer battle-history"><br></div><h2 class="battle-history">Turn 53</h2><div class="chat message-error">the pirate99 has 240 seconds left.</div><div class="spacer battle-history"><br></div><div class="battle-history">The opposing Hoghly Learned Sir used <strong>Explosion</strong>!<br></div><div class="battle-history"><small>(scuse me sharty lost <abbr title="−179/393">45.5%</abbr> of its health!)</small><br></div><div class="spacer battle-history"><br></div><div class="battle-history">The opposing Hoghly Learned Sir fainted!<br></div><div class="battle-history">scuse me sharty fainted!<br></div><div class="chat message-error">the parrot97 has 30 seconds left.</div><div class="chat message-error">the parrot97 has 20 seconds left.</div><div class="spacer battle-history"><br></div><div class="battle-history">the pirate99 sent out Her Royal Highness (<strong>Jynx</strong>)!<br></div><div class="spacer battle-history"><br></div><div class="battle-history">Go! bang bang still ge (<strong>Zapdos</strong>)!<br></div><div class="battle-history"><small>The opposing Her Royal Highness was hurt by the spikes!</small><br></div><div class="spacer battle-history"><br></div><div class="battle-history"><small>bang bang still ge restored a little HP using its Leftovers!</small><br></div><div class="battle-history"><small>The opposing Her Royal Highness restored a little HP using its Leftovers!</small><br></div><div class="spacer battle-history"><br></div><h2 class="battle-history">Turn 54</h2><div class="chat message-error">the parrot97 has 30 seconds left this turn.</div><div class="spacer battle-history"><br></div><div class="battle-history">bang bang still ge, come back!<br></div><div class="battle-history">Go! sneak to da bo (<strong>Snorlax</strong>)!<br></div><div class="battle-history"><small>sneak to da bo was hurt by the spikes!</small><br></div><div class="spacer battle-history"><br></div><div class="battle-history">The opposing Her Royal Highness used <strong>Ice Beam</strong>!<br></div><div class="battle-history"><small>(sneak to da bo lost <abbr title="−125/523">23.9%</abbr> of its health!)</small><br></div><div class="spacer battle-history"><br></div><div class="battle-history"><small>The opposing Her Royal Highness restored a little HP using its Leftovers!</small><br></div><div class="battle-history"><small>sneak to da bo restored a little HP using its Leftovers!</small><br></div><div class="spacer battle-history"><br></div><h2 class="battle-history">Turn 55</h2><div class="spacer battle-history"><br></div><div class="battle-history">the pirate99 withdrew Her Royal Highness!<br></div><div class="battle-history">the pirate99 sent out The Very Reverend (<strong>Gengar</strong>)!<br></div><div class="battle-history"><small>The opposing The Very Reverend was hurt by the spikes!</small><br></div><div class="spacer battle-history"><br></div><div class="battle-history">sneak to da bo is fast asleep.<br></div><div class="spacer battle-history"><br></div><div class="battle-history">sneak to da bo used <strong>Sleep Talk</strong>!<br></div><div class="spacer battle-history"><br></div><div class="battle-history">sneak to da bo used <strong>Rest</strong>!<br></div><div class="spacer battle-history"><br></div><div class="battle-history"><small>The opposing The Very Reverend restored a little HP using its Leftovers!</small><br></div><div class="spacer battle-history"><br></div><h2 class="battle-history">Turn 56</h2><div class="chat message-error">the parrot97 has 30 seconds left.</div><div class="chat message-error">the parrot97 has 20 seconds left.</div><div class="chat message-error">the parrot97 has 15 seconds left.</div><div class="spacer battle-history"><br></div><div class="battle-history">The opposing The Very Reverend used <strong>Ice Punch</strong>!<br></div><div class="battle-history"><small>(sneak to da bo lost <abbr title="−68/523">13.0%</abbr> of its health!)</small><br></div><div class="spacer battle-history"><br></div><div class="battle-history">sneak to da bo is fast asleep.<br></div><div class="spacer battle-history"><br></div><div class="battle-history"><small>The opposing The Very Reverend restored a little HP using its Leftovers!</small><br></div><div class="battle-history"><small>sneak to da bo restored a little HP using its Leftovers!</small><br></div><div class="spacer battle-history"><br></div><h2 class="battle-history">Turn 57</h2><div class="chat message-error">the parrot97 has 25 seconds left this turn.</div><div class="spacer battle-history"><br></div><div class="battle-history">The opposing The Very Reverend used <strong>Thunder</strong>!<br></div><div class="battle-history"><small>A critical hit!</small><br></div><div class="battle-history"><small>(sneak to da bo lost <abbr title="−211/523">40.3%</abbr> of its health!)</small><br></div><div class="spacer battle-history"><br></div><div class="battle-history">sneak to da bo is fast asleep.<br></div><div class="spacer battle-history"><br></div><div class="battle-history"><small>sneak to da bo restored a little HP using its Leftovers!</small><br></div><div class="spacer battle-history"><br></div><h2 class="battle-history">Turn 58</h2><div class="chat message-error">the parrot97 has 30 seconds left.</div><div class="spacer battle-history"><br></div><div class="battle-history">The opposing The Very Reverend used <strong>Dynamic Punch</strong>!<br></div><div class="battle-history"><small>The opposing The Very Reverend's attack missed!</small><br></div><div class="battle-history"><small>sneak to da bo woke up!</small><br></div><div class="spacer battle-history"><br></div><div class="battle-history">sneak to da bo used <strong>Rest</strong>!<br></div><div class="battle-history"><small>sneak to da bo slept and became healthy!</small><br></div><div class="spacer battle-history"><br></div><h2 class="battle-history">Turn 59</h2><div class="chat message-error">the parrot97 has 30 seconds left.</div><div class="spacer battle-history"><br></div><div class="battle-history">The opposing The Very Reverend used <strong>Ice Punch</strong>!<br></div><div class="battle-history"><small>(sneak to da bo lost <abbr title="−64/523">12.2%</abbr> of its health!)</small><br></div><div class="spacer battle-history"><br></div><div class="battle-history">sneak to da bo is fast asleep.<br></div><div class="spacer battle-history"><br></div><div class="battle-history"><small>sneak to da bo restored a little HP using its Leftovers!</small><br></div><div class="spacer battle-history"><br></div><h2 class="battle-history">Turn 60</h2><div class="chat message-error">the parrot97 has 30 seconds left.</div><div class="spacer battle-history"><br></div><div class="battle-history">The opposing The Very Reverend used <strong>Ice Punch</strong>!<br></div><div class="battle-history"><small>(sneak to da bo lost <abbr title="−69/523">13.2%</abbr> of its health!)</small><br></div><div class="spacer battle-history"><br></div><div class="battle-history">sneak to da bo is fast asleep.<br></div><div class="spacer battle-history"><br></div><div class="battle-history">sneak to da bo used <strong>Sleep Talk</strong>!<br></div><div class="spacer battle-history"><br></div><div class="battle-history">sneak to da bo used <strong>Double-Edge</strong>!<br></div><div class="battle-history"><small>It doesn't affect the opposing The Very Reverend...</small><br></div><div class="spacer battle-history"><br></div><div class="battle-history"><small>sneak to da bo restored a little HP using its Leftovers!</small><br></div><div class="spacer battle-history"><br></div><h2 class="battle-history">Turn 61</h2><div class="spacer battle-history"><br></div><div class="battle-history">The opposing The Very Reverend used <strong>Thunder</strong>!<br></div><div class="battle-history"><small>(sneak to da bo lost <abbr title="−109/523">20.8%</abbr> of its health!)</small><br></div><div class="battle-history"><small>sneak to da bo woke up!</small><br></div><div class="spacer battle-history"><br></div><div class="battle-history">sneak to da bo used <strong>Curse</strong>!<br></div><div class="battle-history"><small>sneak to da bo's Speed fell!</small><br></div><div class="battle-history"><small>sneak to da bo's Attack rose!</small><br></div><div class="battle-history"><small>sneak to da bo's Defense rose!</small><br></div><div class="spacer battle-history"><br></div><div class="battle-history"><small>sneak to da bo restored a little HP using its Leftovers!</small><br></div><div class="spacer battle-history"><br></div><h2 class="battle-history">Turn 62</h2><div class="chat message-error">the pirate99 has 240 seconds left.</div><div class="spacer battle-history"><br></div><div class="battle-history">The opposing The Very Reverend used <strong>Ice Punch</strong>!<br></div><div class="battle-history"><small>(sneak to da bo lost <abbr title="−70/523">13.4%</abbr> of its health!)</small><br></div><div class="spacer battle-history"><br></div><div class="battle-history">sneak to da bo used <strong>Rest</strong>!<br></div><div class="battle-history"><small>sneak to da bo slept and became healthy!</small><br></div><div class="spacer battle-history"><br></div><h2 class="battle-history">Turn 63</h2><div class="chat message-error">the pirate99 has 240 seconds left.</div><div class="spacer battle-history"><br></div><div class="battle-history">The opposing The Very Reverend used <strong>Thunder</strong>!<br></div><div class="battle-history"><small>(sneak to da bo lost <abbr title="−107/523">20.5%</abbr> of its health!)</small><br></div><div class="spacer battle-history"><br></div><div class="battle-history">sneak to da bo is fast asleep.<br></div><div class="spacer battle-history"><br></div><div class="battle-history"><small>sneak to da bo restored a little HP using its Leftovers!</small><br></div><div class="spacer battle-history"><br></div><h2 class="battle-history">Turn 64</h2><div class="chat message-error">the pirate99 has 240 seconds left.</div><div class="spacer battle-history"><br></div><div class="battle-history">The opposing The Very Reverend used <strong>Ice Punch</strong>!<br></div><div class="battle-history"><small>(sneak to da bo lost <abbr title="−62/523">11.9%</abbr> of its health!)</small><br></div><div class="spacer battle-history"><br></div><div class="battle-history">sneak to da bo is fast asleep.<br></div><div class="spacer battle-history"><br></div><div class="battle-history"><small>sneak to da bo restored a little HP using its Leftovers!</small><br></div><div class="spacer battle-history"><br></div><h2 class="battle-history">Turn 65</h2><div class="spacer battle-history"><br></div><div class="battle-history">The opposing The Very Reverend used <strong>Thunder</strong>!<br></div><div class="battle-history"><small>(sneak to da bo lost <abbr title="−107/523">20.5%</abbr> of its health!)</small><br></div><div class="battle-history"><small>sneak to da bo woke up!</small><br></div><div class="spacer battle-history"><br></div><div class="battle-history">sneak to da bo used <strong>Curse</strong>!<br></div><div class="battle-history"><small>sneak to da bo's Speed fell!</small><br></div><div class="battle-history"><small>sneak to da bo's Attack rose!</small><br></div><div class="battle-history"><small>sneak to da bo's Defense rose!</small><br></div><div class="spacer battle-history"><br></div><div class="battle-history"><small>sneak to da bo restored a little HP using its Leftovers!</small><br></div><div class="spacer battle-history"><br></div><h2 class="battle-history">Turn 66</h2><div class="spacer battle-history"><br></div><div class="battle-history">The opposing The Very Reverend used <strong>Ice Punch</strong>!<br></div><div class="battle-history"><small>(sneak to da bo lost <abbr title="−61/523">11.7%</abbr> of its health!)</small><br></div><div class="spacer battle-history"><br></div><div class="battle-history">sneak to da bo used <strong>Rest</strong>!<br></div><div class="battle-history"><small>sneak to da bo slept and became healthy!</small><br></div><div class="spacer battle-history"><br></div><h2 class="battle-history">Turn 67</h2><div class="chat message-error">the parrot97 has 90 seconds left.</div><div class="spacer battle-history"><br></div><div class="battle-history">the pirate99 withdrew The Very Reverend!<br></div><div class="battle-history">the pirate99 sent out Lord of the Isles (<strong>Golem</strong>)!<br></div><div class="battle-history"><small>The opposing Lord of the Isles was hurt by the spikes!</small><br></div><div class="spacer battle-history"><br></div><div class="battle-history">sneak to da bo is fast asleep.<br></div><div class="spacer battle-history"><br></div><div class="battle-history"><small>The opposing Lord of the Isles restored a little HP using its Leftovers!</small><br></div><div class="spacer battle-history"><br></div><h2 class="battle-history">Turn 68</h2><div class="spacer battle-history"><br></div><div class="battle-history">The opposing Lord of the Isles used <strong>Rapid Spin</strong>!<br></div><div class="battle-history"><small>(sneak to da bo lost <abbr title="−11/523">2.1%</abbr> of its health!)</small><br></div><div class="battle-history"><small>The spikes disappeared from the ground around the opposing team!</small><br></div><div class="spacer battle-history"><br></div><div class="battle-history">sneak to da bo is fast asleep.<br></div><div class="spacer battle-history"><br></div><div class="battle-history">sneak to da bo used <strong>Sleep Talk</strong>!<br></div><div class="spacer battle-history"><br></div><div class="battle-history">sneak to da bo used <strong>Double-Edge</strong>!<br></div><div class="battle-history"><small>It's not very effective...</small><br></div><div class="battle-history"><small>(The opposing Lord of the Isles lost <abbr title="−125/363">34.4%</abbr> of its health!)</small><br></div><div class="battle-history"><small>sneak to da bo was damaged by the recoil!</small><br></div><div class="spacer battle-history"><br></div><div class="battle-history"><small>The opposing Lord of the Isles restored a little HP using its Leftovers!</small><br></div><div class="battle-history"><small>sneak to da bo restored a little HP using its Leftovers!</small><br></div><div class="spacer battle-history"><br></div><h2 class="battle-history">Turn 69</h2><div class="spacer battle-history"><br></div><div class="battle-history">the pirate99 withdrew Lord of the Isles!<br></div><div class="battle-history">the pirate99 sent out The Very Reverend (<strong>Gengar</strong>)!<br></div><div class="spacer battle-history"><br></div><div class="battle-history">sneak to da bo, come back!<br></div><div class="battle-history">Go! african back (<strong>Tyranitar</strong>)!<br></div><div class="battle-history"><small>african back was hurt by the spikes!</small><br></div><div class="spacer battle-history"><br></div><div class="battle-history"><small>african back restored a little HP using its Leftovers!</small><br></div><div class="spacer battle-history"><br></div><h2 class="battle-history">Turn 70</h2><div class="chat message-error">the pirate99 has 270 seconds left.</div><div class="chat message-error">the parrot97 has 90 seconds left.</div><div class="spacer battle-history"><br></div><div class="battle-history">the pirate99 withdrew The Very Reverend!<br></div><div class="battle-history">the pirate99 sent out The Right Honourab (<strong>Snorlax</strong>)!<br></div><div class="spacer battle-history"><br></div><div class="battle-history">african back, come back!<br></div><div class="battle-history">Go! bang bang still ge (<strong>Zapdos</strong>)!<br></div><div class="spacer battle-history"><br></div><div class="battle-history"><small>bang bang still ge restored a little HP using its Leftovers!</small><br></div><div class="spacer battle-history"><br></div><h2 class="battle-history">Turn 71</h2><div class="chat message-error">the parrot97 has 60 seconds left.</div><div class="spacer battle-history"><br></div><div class="battle-history">bang bang still ge, come back!<br></div><div class="battle-history">Go! sneak to da bo (<strong>Snorlax</strong>)!<br></div><div class="battle-history"><small>sneak to da bo was hurt by the spikes!</small><br></div><div class="spacer battle-history"><br></div><div class="battle-history">The opposing The Right Honourab is fast asleep.<br></div><div class="spacer battle-history"><br></div><div class="battle-history">The opposing The Right Honourab used <strong>Sleep Talk</strong>!<br></div><div class="spacer battle-history"><br></div><div class="battle-history">The opposing The Right Honourab used <strong>Rest</strong>!<br></div><div class="battle-history"><small>But it failed!</small><br></div><div class="spacer battle-history"><br></div><div class="battle-history"><small>sneak to da bo restored a little HP using its Leftovers!</small><br></div><div class="spacer battle-history"><br></div><h2 class="battle-history">Turn 72</h2><div class="spacer battle-history"><br></div><div class="battle-history">the pirate99 withdrew The Right Honourab!<br></div><div class="battle-history">the pirate99 sent out The Very Reverend (<strong>Gengar</strong>)!<br></div><div class="battle-history"><small>sneak to da bo woke up!</small><br></div><div class="spacer battle-history"><br></div><div class="battle-history">sneak to da bo used <strong>Curse</strong>!<br></div><div class="battle-history"><small>sneak to da bo's Speed fell!</small><br></div><div class="battle-history"><small>sneak to da bo's Attack rose!</small><br></div><div class="battle-history"><small>sneak to da bo's Defense rose!</small><br></div><div class="spacer battle-history"><br></div><div class="battle-history"><small>sneak to da bo restored a little HP using its Leftovers!</small><br></div><div class="spacer battle-history"><br></div><h2 class="battle-history">Turn 73</h2><div class="spacer battle-history"><br></div><div class="battle-history">The opposing The Very Reverend used <strong>Ice Punch</strong>!<br></div><div class="battle-history"><small>(sneak to da bo lost <abbr title="−61/523">11.7%</abbr> of its health!)</small><br></div><div class="spacer battle-history"><br></div><div class="battle-history">sneak to da bo used <strong>Rest</strong>!<br></div><div class="battle-history"><small>sneak to da bo slept and became healthy!</small><br></div><div class="spacer battle-history"><br></div><h2 class="battle-history">Turn 74</h2><div class="spacer battle-history"><br></div><div class="battle-history">the pirate99 withdrew The Very Reverend!<br></div><div class="battle-history">the pirate99 sent out Lord of the Isles (<strong>Golem</strong>)!<br></div><div class="spacer battle-history"><br></div><div class="battle-history">sneak to da bo is fast asleep.<br></div><div class="spacer battle-history"><br></div><div class="battle-history"><small>The opposing Lord of the Isles restored a little HP using its Leftovers!</small><br></div><div class="spacer battle-history"><br></div><h2 class="battle-history">Turn 75</h2><div class="chat message-error">the pirate99 has 270 seconds left.</div><div class="chat message-error">the parrot97 has 60 seconds left.</div><div class="chat message-error">the parrot97 has 30 seconds left.</div><div class="spacer battle-history"><br></div><div class="battle-history">the pirate99 withdrew Lord of the Isles!<br></div><div class="battle-history">the pirate99 sent out The Very Reverend (<strong>Gengar</strong>)!<br></div><div class="spacer battle-history"><br></div><div class="battle-history">sneak to da bo is fast asleep.<br></div><div class="spacer battle-history"><br></div><div class="battle-history">sneak to da bo used <strong>Sleep Talk</strong>!<br></div><div class="spacer battle-history"><br></div><div class="battle-history">sneak to da bo used <strong>Double-Edge</strong>!<br></div><div class="battle-history"><small>It doesn't affect the opposing The Very Reverend...</small><br></div><div class="spacer battle-history"><br></div><h2 class="battle-history">Turn 76</h2><div class="chat message-error">the pirate99 has 270 seconds left.</div><div class="spacer battle-history"><br></div><div class="battle-history">The opposing The Very Reverend used <strong>Ice Punch</strong>!<br></div><div class="battle-history"><small>(sneak to da bo lost <abbr title="−66/523">12.6%</abbr> of its health!)</small><br></div><div class="battle-history"><small>sneak to da bo woke up!</small><br></div><div class="spacer battle-history"><br></div><div class="battle-history">sneak to da bo used <strong>Curse</strong>!<br></div><div class="battle-history"><small>sneak to da bo's Speed fell!</small><br></div><div class="battle-history"><small>sneak to da bo's Attack rose!</small><br></div><div class="battle-history"><small>sneak to da bo's Defense rose!</small><br></div><div class="spacer battle-history"><br></div><div class="battle-history"><small>sneak to da bo restored a little HP using its Leftovers!</small><br></div><div class="spacer battle-history"><br></div><h2 class="battle-history">Turn 77</h2><div class="spacer battle-history"><br></div><div class="battle-history">The opposing The Very Reverend used <strong>Ice Punch</strong>!<br></div><div class="battle-history"><small>(sneak to da bo lost <abbr title="−61/523">11.7%</abbr> of its health!)</small><br></div><div class="spacer battle-history"><br></div><div class="battle-history">sneak to da bo used <strong>Rest</strong>!<br></div><div class="battle-history"><small>sneak to da bo slept and became healthy!</small><br></div><div class="spacer battle-history"><br></div><h2 class="battle-history">Turn 78</h2><div class="chat message-error">the pirate99 has 270 seconds left.</div><div class="spacer battle-history"><br></div><div class="battle-history">the pirate99 withdrew The Very Reverend!<br></div><div class="battle-history">the pirate99 sent out Lord of the Isles (<strong>Golem</strong>)!<br></div><div class="spacer battle-history"><br></div><div class="battle-history">sneak to da bo is fast asleep.<br></div><div class="spacer battle-history"><br></div><div class="battle-history"><small>The opposing Lord of the Isles restored a little HP using its Leftovers!</small><br></div><div class="spacer battle-history"><br></div><h2 class="battle-history">Turn 79</h2><div class="spacer battle-history"><br></div><div class="battle-history">the pirate99 withdrew Lord of the Isles!<br></div><div class="battle-history">the pirate99 sent out The Very Reverend (<strong>Gengar</strong>)!<br></div><div class="spacer battle-history"><br></div><div class="battle-history">sneak to da bo is fast asleep.<br></div><div class="spacer battle-history"><br></div><div class="battle-history">sneak to da bo used <strong>Sleep Talk</strong>!<br></div><div class="spacer battle-history"><br></div><div class="battle-history">sneak to da bo used <strong>Curse</strong>!<br></div><div class="battle-history"><small>sneak to da bo's Speed fell!</small><br></div><div class="battle-history"><small>sneak to da bo's Attack rose!</small><br></div><div class="battle-history"><small>sneak to da bo's Defense rose!</small><br></div><div class="spacer battle-history"><br></div><h2 class="battle-history">Turn 80</h2><div class="spacer battle-history"><br></div><div class="battle-history">The opposing The Very Reverend used <strong>Ice Punch</strong>!<br></div><div class="battle-history"><small>(sneak to da bo lost <abbr title="−67/523">12.8%</abbr> of its health!)</small><br></div><div class="battle-history"><small>sneak to da bo woke up!</small><br></div><div class="spacer battle-history"><br></div><div class="battle-history">sneak to da bo used <strong>Curse</strong>!<br></div><div class="battle-history"><small>sneak to da bo's Speed fell!</small><br></div><div class="battle-history"><small>sneak to da bo's Attack rose!</small><br></div><div class="battle-history"><small>sneak to da bo's Defense rose!</small><br></div><div class="spacer battle-history"><br></div><div class="battle-history"><small>sneak to da bo restored a little HP using its Leftovers!</small><br></div><div class="spacer battle-history"><br></div><h2 class="battle-history">Turn 81</h2><div class="spacer battle-history"><br></div><div class="battle-history">The opposing The Very Reverend used <strong>Ice Punch</strong>!<br></div><div class="battle-history"><small>(sneak to da bo lost <abbr title="−71/523">13.6%</abbr> of its health!)</small><br></div><div class="spacer battle-history"><br></div><div class="battle-history">sneak to da bo used <strong>Curse</strong>!<br></div><div class="battle-history"><small>sneak to da bo's Speed fell!</small><br></div><div class="battle-history"><small>sneak to da bo's Attack rose!</small><br></div><div class="battle-history"><small>sneak to da bo's Defense rose!</small><br></div><div class="spacer battle-history"><br></div><div class="battle-history"><small>sneak to da bo restored a little HP using its Leftovers!</small><br></div><div class="spacer battle-history"><br></div><h2 class="battle-history">Turn 82</h2><div class="spacer battle-history"><br></div><div class="battle-history">The opposing The Very Reverend used <strong>Ice Punch</strong>!<br></div><div class="battle-history"><small>(sneak to da bo lost <abbr title="−70/523">13.4%</abbr> of its health!)</small><br></div><div class="spacer battle-history"><br></div><div class="battle-history">sneak to da bo used <strong>Curse</strong>!<br></div><div class="battle-history"><small>sneak to da bo's Speed fell!</small><br></div><div class="battle-history"><small>sneak to da bo's Attack won't go any higher!</small><br></div><div class="battle-history"><small>sneak to da bo's Defense rose!</small><br></div><div class="spacer battle-history"><br></div><div class="battle-history"><small>sneak to da bo restored a little HP using its Leftovers!</small><br></div><div class="spacer battle-history"><br></div><h2 class="battle-history">Turn 83</h2><div class="spacer battle-history"><br></div><div class="battle-history">The opposing The Very Reverend used <strong>Ice Punch</strong>!<br></div><div class="battle-history"><small>(sneak to da bo lost <abbr title="−65/523">12.4%</abbr> of its health!)</small><br></div><div class="spacer battle-history"><br></div><div class="battle-history">sneak to da bo used <strong>Double-Edge</strong>!<br></div><div class="battle-history"><small>It doesn't affect the opposing The Very Reverend...</small><br></div><div class="spacer battle-history"><br></div><div class="battle-history"><small>sneak to da bo restored a little HP using its Leftovers!</small><br></div><div class="spacer battle-history"><br></div><h2 class="battle-history">Turn 84</h2><div class="chat message-error">the parrot97 has 90 seconds left.</div><div class="spacer battle-history"><br></div><div class="battle-history">The opposing The Very Reverend used <strong>Ice Punch</strong>!<br></div><div class="battle-history"><small>(sneak to da bo lost <abbr title="−61/523">11.7%</abbr> of its health!)</small><br></div><div class="spacer battle-history"><br></div><div class="battle-history">sneak to da bo used <strong>Double-Edge</strong>!<br></div><div class="battle-history"><small>It doesn't affect the opposing The Very Reverend...</small><br></div><div class="spacer battle-history"><br></div><div class="battle-history"><small>sneak to da bo restored a little HP using its Leftovers!</small><br></div><div class="spacer battle-history"><br></div><h2 class="battle-history">Turn 85</h2><div class="spacer battle-history"><br></div><div class="battle-history">The opposing The Very Reverend used <strong>Ice Punch</strong>!<br></div><div class="battle-history"><small>(sneak to da bo lost <abbr title="−70/523">13.4%</abbr> of its health!)</small><br></div><div class="spacer battle-history"><br></div><div class="battle-history">sneak to da bo used <strong>Rest</strong>!<br></div><div class="battle-history"><small>sneak to da bo slept and became healthy!</small><br></div><div class="spacer battle-history"><br></div><h2 class="battle-history">Turn 86</h2><div class="spacer battle-history"><br></div><div class="battle-history">The opposing The Very Reverend used <strong>Thunder</strong>!<br></div><div class="battle-history"><small>The opposing The Very Reverend's attack missed!</small><br></div><div class="spacer battle-history"><br></div><div class="battle-history">sneak to da bo is fast asleep.<br></div><div class="spacer battle-history"><br></div><h2 class="battle-history">Turn 87</h2><div class="spacer battle-history"><br></div><div class="battle-history">the pirate99 withdrew The Very Reverend!<br></div><div class="battle-history">the pirate99 sent out Lord of the Isles (<strong>Golem</strong>)!<br></div><div class="spacer battle-history"><br></div><div class="battle-history">sneak to da bo is fast asleep.<br></div><div class="spacer battle-history"><br></div><div class="battle-history"><small>The opposing Lord of the Isles restored a little HP using its Leftovers!</small><br></div><div class="spacer battle-history"><br></div><h2 class="battle-history">Turn 88</h2><div class="spacer battle-history"><br></div><div class="battle-history">the pirate99 withdrew Lord of the Isles!<br></div><div class="battle-history">the pirate99 sent out The Very Reverend (<strong>Gengar</strong>)!<br></div><div class="battle-history"><small>sneak to da bo woke up!</small><br></div><div class="spacer battle-history"><br></div><div class="battle-history">sneak to da bo used <strong>Double-Edge</strong>!<br></div><div class="battle-history"><small>It doesn't affect the opposing The Very Reverend...</small><br></div><div class="spacer battle-history"><br></div><h2 class="battle-history">Turn 89</h2><div class="spacer battle-history"><br></div><div class="battle-history">The opposing The Very Reverend used <strong>Ice Punch</strong>!<br></div><div class="battle-history"><small>A critical hit!</small><br></div><div class="battle-history"><small>(sneak to da bo lost <abbr title="−124/523">23.7%</abbr> of its health!)</small><br></div><div class="spacer battle-history"><br></div><div class="battle-history">sneak to da bo used <strong>Curse</strong>!<br></div><div class="battle-history"><small>sneak to da bo's Speed won't go any lower!</small><br></div><div class="battle-history"><small>sneak to da bo's Attack won't go any higher!</small><br></div><div class="battle-history"><small>sneak to da bo's Defense won't go any higher!</small><br></div><div class="spacer battle-history"><br></div><div class="battle-history"><small>sneak to da bo restored a little HP using its Leftovers!</small><br></div><div class="spacer battle-history"><br></div><h2 class="battle-history">Turn 90</h2><div class="spacer battle-history"><br></div><div class="battle-history">The opposing The Very Reverend used <strong>Ice Punch</strong>!<br></div><div class="battle-history"><small>(sneak to da bo lost <abbr title="−64/523">12.2%</abbr> of its health!)</small><br></div><div class="spacer battle-history"><br></div><div class="battle-history">sneak to da bo used <strong>Rest</strong>!<br></div><div class="battle-history"><small>sneak to da bo slept and became healthy!</small><br></div><div class="spacer battle-history"><br></div><h2 class="battle-history">Turn 91</h2><div class="spacer battle-history"><br></div><div class="battle-history">the pirate99 withdrew The Very Reverend!<br></div><div class="battle-history">the pirate99 sent out Lord of the Isles (<strong>Golem</strong>)!<br></div><div class="spacer battle-history"><br></div><div class="battle-history">sneak to da bo is fast asleep.<br></div><div class="spacer battle-history"><br></div><div class="battle-history"><small>The opposing Lord of the Isles restored a little HP using its Leftovers!</small><br></div><div class="spacer battle-history"><br></div><h2 class="battle-history">Turn 92</h2><div class="chat message-error">the pirate99 has 270 seconds left.</div><div class="spacer battle-history"><br></div><div class="battle-history">sneak to da bo is fast asleep.<br></div><div class="spacer battle-history"><br></div><div class="battle-history">sneak to da bo used <strong>Sleep Talk</strong>!<br></div><div class="spacer battle-history"><br></div><div class="battle-history">sneak to da bo used <strong>Rest</strong>!<br></div><div class="battle-history"><small>But it failed!</small><br></div><div class="spacer battle-history"><br></div><div class="battle-history">The opposing Lord of the Isles used <strong>Roar</strong>!<br></div><div class="spacer battle-history"><br></div><div class="battle-history">vicious 44 (<strong>Cloyster</strong>) was dragged out!<br></div><div class="battle-history"><small>vicious 44 was hurt by the spikes!</small><br></div><div class="spacer battle-history"><br></div><div class="battle-history"><small>vicious 44 restored a little HP using its Leftovers!</small><br></div><div class="battle-history"><small>The opposing Lord of the Isles restored a little HP using its Leftovers!</small><br></div><div class="spacer battle-history"><br></div><h2 class="battle-history">Turn 93</h2><div class="chat message-error">the pirate99 has 240 seconds left.</div><div class="spacer battle-history"><br></div><div class="battle-history">the pirate99 withdrew Lord of the Isles!<br></div><div class="battle-history">the pirate99 sent out The Very Reverend (<strong>Gengar</strong>)!<br></div><div class="spacer battle-history"><br></div><div class="battle-history">vicious 44 used <strong>Spikes</strong>!<br></div><div class="battle-history"><small>Spikes were scattered on the ground all around the opposing team!</small><br></div><div class="spacer battle-history"><br></div><div class="battle-history"><small>vicious 44 restored a little HP using its Leftovers!</small><br></div><div class="spacer battle-history"><br></div><h2 class="battle-history">Turn 94</h2><div class="spacer battle-history"><br></div><div class="battle-history">vicious 44, come back!<br></div><div class="battle-history">Go! sneak to da bo (<strong>Snorlax</strong>)!<br></div><div class="battle-history"><small>sneak to da bo was hurt by the spikes!</small><br></div><div class="spacer battle-history"><br></div><div class="battle-history">The opposing The Very Reverend used <strong>Thunder</strong>!<br></div><div class="battle-history"><small>(sneak to da bo lost <abbr title="−99/523">18.9%</abbr> of its health!)</small><br></div><div class="spacer battle-history"><br></div><div class="battle-history"><small>sneak to da bo restored a little HP using its Leftovers!</small><br></div><div class="spacer battle-history"><br></div><h2 class="battle-history">Turn 95</h2><div class="spacer battle-history"><br></div><div class="battle-history">the pirate99 withdrew The Very Reverend!<br></div><div class="battle-history">the pirate99 sent out Lord of the Isles (<strong>Golem</strong>)!<br></div><div class="battle-history"><small>The opposing Lord of the Isles was hurt by the spikes!</small><br></div><div class="battle-history"><small>sneak to da bo woke up!</small><br></div><div class="spacer battle-history"><br></div><div class="battle-history">sneak to da bo used <strong>Curse</strong>!<br></div><div class="battle-history"><small>sneak to da bo's Speed fell!</small><br></div><div class="battle-history"><small>sneak to da bo's Attack rose!</small><br></div><div class="battle-history"><small>sneak to da bo's Defense rose!</small><br></div><div class="spacer battle-history"><br></div><div class="battle-history"><small>The opposing Lord of the Isles restored a little HP using its Leftovers!</small><br></div><div class="battle-history"><small>sneak to da bo restored a little HP using its Leftovers!</small><br></div><div class="spacer battle-history"><br></div><h2 class="battle-history">Turn 96</h2><div class="spacer battle-history"><br></div><div class="battle-history">The opposing Lord of the Isles used <strong>Rapid Spin</strong>!<br></div><div class="battle-history"><small>(sneak to da bo lost <abbr title="−16/523">3.1%</abbr> of its health!)</small><br></div><div class="battle-history"><small>The spikes disappeared from the ground around the opposing team!</small><br></div><div class="spacer battle-history"><br></div><div class="battle-history">sneak to da bo used <strong>Sleep Talk</strong>!<br></div><div class="battle-history"><small>But it failed!</small><br></div><div class="spacer battle-history"><br></div><div class="battle-history"><small>The opposing Lord of the Isles restored a little HP using its Leftovers!</small><br></div><div class="battle-history"><small>sneak to da bo restored a little HP using its Leftovers!</small><br></div><div class="spacer battle-history"><br></div><h2 class="battle-history">Turn 97</h2><div class="chat message-error">the parrot97 has 150 seconds left.</div><div class="chat message-error">the parrot97 has 120 seconds left.</div><div class="chat message-error">the parrot97 has 90 seconds left.</div><div class="spacer battle-history"><br></div><div class="battle-history">the pirate99 withdrew Lord of the Isles!<br></div><div class="battle-history">the pirate99 sent out The Very Reverend (<strong>Gengar</strong>)!<br></div><div class="spacer battle-history"><br></div><div class="battle-history">sneak to da bo used <strong>Rest</strong>!<br></div><div class="battle-history"><small>sneak to da bo slept and became healthy!</small><br></div><div class="spacer battle-history"><br></div><h2 class="battle-history">Turn 98</h2><div class="spacer battle-history"><br></div><div class="battle-history">the pirate99 withdrew The Very Reverend!<br></div><div class="battle-history">the pirate99 sent out Lord of the Isles (<strong>Golem</strong>)!<br></div><div class="spacer battle-history"><br></div><div class="battle-history">sneak to da bo is fast asleep.<br></div><div class="spacer battle-history"><br></div><div class="battle-history"><small>The opposing Lord of the Isles restored a little HP using its Leftovers!</small><br></div><div class="spacer battle-history"><br></div><h2 class="battle-history">Turn 99</h2><div class="chat message-error">the pirate99 has 240 seconds left.</div><div class="spacer battle-history"><br></div><div class="battle-history">The opposing Lord of the Isles used <strong>Earthquake</strong>!<br></div><div class="battle-history"><small>(sneak to da bo lost <abbr title="−113/523">21.6%</abbr> of its health!)</small><br></div><div class="spacer battle-history"><br></div><div class="battle-history">sneak to da bo is fast asleep.<br></div><div class="spacer battle-history"><br></div><div class="battle-history">sneak to da bo used <strong>Sleep Talk</strong>!<br></div><div class="spacer battle-history"><br></div><div class="battle-history">sneak to da bo used <strong>Double-Edge</strong>!<br></div><div class="battle-history"><small>It's not very effective...</small><br></div><div class="battle-history"><small>(The opposing Lord of the Isles lost <abbr title="−88/363">24.2%</abbr> of its health!)</small><br></div><div class="battle-history"><small>sneak to da bo was damaged by the recoil!</small><br></div><div class="spacer battle-history"><br></div><div class="battle-history"><small>The opposing Lord of the Isles restored a little HP using its Leftovers!</small><br></div><div class="battle-history"><small>sneak to da bo restored a little HP using its Leftovers!</small><br></div><div class="spacer battle-history"><br></div><h2 class="battle-history">Turn 100</h2><div class="chat message-error">the pirate99 has 240 seconds left.</div><div class="spacer battle-history"><br></div><div class="battle-history"><small>sneak to da bo woke up!</small><br></div><div class="spacer battle-history"><br></div><div class="battle-history">sneak to da bo used <strong>Double-Edge</strong>!<br></div><div class="battle-history"><small>It's not very effective...</small><br></div><div class="battle-history"><small>(The opposing Lord of the Isles lost <abbr title="−93/363">25.6%</abbr> of its health!)</small><br></div><div class="battle-history"><small>sneak to da bo was damaged by the recoil!</small><br></div><div class="spacer battle-history"><br></div><div class="battle-history">The opposing Lord of the Isles used <strong>Roar</strong>!<br></div><div class="spacer battle-history"><br></div><div class="battle-history">vicious 44 (<strong>Cloyster</strong>) was dragged out!<br></div><div class="battle-history"><small>vicious 44 was hurt by the spikes!</small><br></div><div class="spacer battle-history"><br></div><div class="battle-history"><small>vicious 44 restored a little HP using its Leftovers!</small><br></div><div class="battle-history"><small>The opposing Lord of the Isles restored a little HP using its Leftovers!</small><br></div><div class="spacer battle-history"><br></div><h2 class="battle-history">Turn 101</h2><div class="spacer battle-history"><br></div><div class="battle-history">the pirate99 withdrew Lord of the Isles!<br></div><div class="battle-history">the pirate99 sent out Her Royal Highness (<strong>Jynx</strong>)!<br></div><div class="spacer battle-history"><br></div><div class="battle-history">vicious 44 used <strong>Spikes</strong>!<br></div><div class="battle-history"><small>Spikes were scattered on the ground all around the opposing team!</small><br></div><div class="spacer battle-history"><br></div><div class="battle-history"><small>The opposing Her Royal Highness restored a little HP using its Leftovers!</small><br></div><div class="battle-history"><small>vicious 44 restored a little HP using its Leftovers!</small><br></div><div class="spacer battle-history"><br></div><h2 class="battle-history">Turn 102</h2><div class="spacer battle-history"><br></div><div class="battle-history">vicious 44, come back!<br></div><div class="battle-history">Go! sneak to da bo (<strong>Snorlax</strong>)!<br></div><div class="battle-history"><small>sneak to da bo was hurt by the spikes!</small><br></div><div class="spacer battle-history"><br></div><div class="battle-history">The opposing Her Royal Highness used <strong>Substitute</strong>!<br></div><div class="battle-history"><small>The opposing Her Royal Highness put in a substitute!</small><br></div><div class="battle-history"><small>(The opposing Her Royal Highness lost <abbr title="−83/333">24.9%</abbr> of its health!)</small><br></div><div class="spacer battle-history"><br></div><div class="battle-history"><small>The opposing Her Royal Highness restored a little HP using its Leftovers!</small><br></div><div class="battle-history"><small>sneak to da bo restored a little HP using its Leftovers!</small><br></div><div class="spacer battle-history"><br></div><h2 class="battle-history">Turn 103</h2><div class="spacer battle-history"><br></div><div class="battle-history">The opposing Her Royal Highness used <strong>Lovely Kiss</strong>!<br></div><div class="battle-history"><small>sneak to da bo fell asleep!</small><br></div><div class="spacer battle-history"><br></div><div class="battle-history">sneak to da bo is fast asleep.<br></div><div class="spacer battle-history"><br></div><div class="battle-history"><small>The opposing Her Royal Highness restored a little HP using its Leftovers!</small><br></div><div class="battle-history"><small>sneak to da bo restored a little HP using its Leftovers!</small><br></div><div class="spacer battle-history"><br></div><h2 class="battle-history">Turn 104</h2><div class="spacer battle-history"><br></div><div class="battle-history">The opposing Her Royal Highness used <strong>Psychic</strong>!<br></div><div class="battle-history"><small>(sneak to da bo lost <abbr title="−114/523">21.8%</abbr> of its health!)</small><br></div><div class="spacer battle-history"><br></div><div class="battle-history">sneak to da bo is fast asleep.<br></div><div class="spacer battle-history"><br></div><div class="battle-history">sneak to da bo used <strong>Sleep Talk</strong>!<br></div><div class="spacer battle-history"><br></div><div class="battle-history">sneak to da bo used <strong>Double-Edge</strong>!<br></div><div class="battle-history"><small>The opposing Her Royal Highness's substitute faded!</small><br></div><div class="battle-history"><small>sneak to da bo was damaged by the recoil!</small><br></div><div class="spacer battle-history"><br></div><div class="battle-history"><small>The opposing Her Royal Highness restored a little HP using its Leftovers!</small><br></div><div class="battle-history"><small>sneak to da bo restored a little HP using its Leftovers!</small><br></div><div class="spacer battle-history"><br></div><h2 class="battle-history">Turn 105</h2><div class="spacer battle-history"><br></div><div class="battle-history">The opposing Her Royal Highness used <strong>Substitute</strong>!<br></div><div class="battle-history"><small>The opposing Her Royal Highness put in a substitute!</small><br></div><div class="battle-history"><small>(The opposing Her Royal Highness lost <abbr title="−83/333">24.9%</abbr> of its health!)</small><br></div><div class="spacer battle-history"><br></div><div class="battle-history">sneak to da bo is fast asleep.<br></div><div class="spacer battle-history"><br></div><div class="battle-history">sneak to da bo used <strong>Sleep Talk</strong>!<br></div><div class="spacer battle-history"><br></div><div class="battle-history">sneak to da bo used <strong>Double-Edge</strong>!<br></div><div class="battle-history"><small>The opposing Her Royal Highness's substitute faded!</small><br></div><div class="battle-history"><small>sneak to da bo was damaged by the recoil!</small><br></div><div class="spacer battle-history"><br></div><div class="battle-history"><small>The opposing Her Royal Highness restored a little HP using its Leftovers!</small><br></div><div class="battle-history"><small>sneak to da bo restored a little HP using its Leftovers!</small><br></div><div class="spacer battle-history"><br></div><h2 class="battle-history">Turn 106</h2><div class="chat message-error">the pirate99 has 210 seconds left.</div><div class="spacer battle-history"><br></div><div class="battle-history">The opposing Her Royal Highness used <strong>Ice Beam</strong>!<br></div><div class="battle-history"><small>(sneak to da bo lost <abbr title="−113/523">21.6%</abbr> of its health!)</small><br></div><div class="battle-history"><small>sneak to da bo woke up!</small><br></div><div class="spacer battle-history"><br></div><div class="battle-history">sneak to da bo used <strong>Sleep Talk</strong>!<br></div><div class="battle-history"><small>But it failed!</small><br></div><div class="spacer battle-history"><br></div><div class="battle-history"><small>The opposing Her Royal Highness restored a little HP using its Leftovers!</small><br></div><div class="battle-history"><small>sneak to da bo restored a little HP using its Leftovers!</small><br></div><div class="spacer battle-history"><br></div><h2 class="battle-history">Turn 107</h2><div class="spacer battle-history"><br></div><div class="battle-history">The opposing Her Royal Highness used <strong>Lovely Kiss</strong>!<br></div><div class="battle-history"><small>sneak to da bo fell asleep!</small><br></div><div class="spacer battle-history"><br></div><div class="battle-history">sneak to da bo is fast asleep.<br></div><div class="spacer battle-history"><br></div><div class="battle-history"><small>The opposing Her Royal Highness restored a little HP using its Leftovers!</small><br></div><div class="battle-history"><small>sneak to da bo restored a little HP using its Leftovers!</small><br></div><div class="spacer battle-history"><br></div><h2 class="battle-history">Turn 108</h2><div class="spacer battle-history"><br></div><div class="battle-history">The opposing Her Royal Highness used <strong>Ice Beam</strong>!<br></div><div class="battle-history"><small>(sneak to da bo lost <abbr title="−118/523">22.6%</abbr> of its health!)</small><br></div><div class="spacer battle-history"><br></div><div class="battle-history">sneak to da bo is fast asleep.<br></div><div class="spacer battle-history"><br></div><div class="battle-history">sneak to da bo used <strong>Sleep Talk</strong>!<br></div><div class="spacer battle-history"><br></div><div class="battle-history">sneak to da bo used <strong>Curse</strong>!<br></div><div class="battle-history"><small>sneak to da bo's Speed fell!</small><br></div><div class="battle-history"><small>sneak to da bo's Attack rose!</small><br></div><div class="battle-history"><small>sneak to da bo's Defense rose!</small><br></div><div class="spacer battle-history"><br></div><div class="battle-history"><small>The opposing Her Royal Highness restored a little HP using its Leftovers!</small><br></div><div class="battle-history"><small>sneak to da bo restored a little HP using its Leftovers!</small><br></div><div class="spacer battle-history"><br></div><h2 class="battle-history">Turn 109</h2><div class="chat message-error">the parrot97 has 120 seconds left.</div><div class="chat message-error">the parrot97 has 90 seconds left.</div><div class="spacer battle-history"><br></div><div class="battle-history">sneak to da bo, come back!<br></div><div class="battle-history">Go! show u da wave (<strong>Vaporeon</strong>)!<br></div><div class="battle-history"><small>show u da wave was hurt by the spikes!</small><br></div><div class="spacer battle-history"><br></div><div class="battle-history">The opposing Her Royal Highness used <strong>Ice Beam</strong>!<br></div><div class="battle-history"><small>It's not very effective...</small><br></div><div class="battle-history"><small>(show u da wave lost <abbr title="−62/463">13.4%</abbr> of its health!)</small><br></div><div class="spacer battle-history"><br></div><div class="battle-history"><small>The opposing Her Royal Highness restored a little HP using its Leftovers!</small><br></div><div class="battle-history"><small>show u da wave restored a little HP using its Leftovers!</small><br></div><div class="spacer battle-history"><br></div><h2 class="battle-history">Turn 110</h2><div class="spacer battle-history"><br></div><div class="battle-history">the pirate99 withdrew Her Royal Highness!<br></div><div class="battle-history">the pirate99 sent out Lord Chief Justice (<strong>Zapdos</strong>)!<br></div><div class="spacer battle-history"><br></div><div class="battle-history">show u da wave used <strong>Surf</strong>!<br></div><div class="battle-history"><small>(The opposing Lord Chief Justice lost <abbr title="−119/383">31.1%</abbr> of its health!)</small><br></div><div class="spacer battle-history"><br></div><div class="battle-history"><small>The opposing Lord Chief Justice restored a little HP using its Leftovers!</small><br></div><div class="battle-history"><small>show u da wave restored a little HP using its Leftovers!</small><br></div><div class="spacer battle-history"><br></div><h2 class="battle-history">Turn 111</h2><div class="chat message-error">the parrot97 has 60 seconds left.</div><div class="chat message-error">the parrot97 has 30 seconds left.</div><div class="chat message-error">the parrot97 has 20 seconds left.</div><div class="chat message-error">the parrot97 has 15 seconds left.</div><div class="chat message-error">the parrot97 has 10 seconds left.</div><div class="spacer battle-history"><br></div><div class="battle-history">show u da wave, come back!<br></div><div class="battle-history">Go! african back (<strong>Tyranitar</strong>)!<br></div><div class="battle-history"><small>african back was hurt by the spikes!</small><br></div><div class="spacer battle-history"><br></div><div class="battle-history">The opposing Lord Chief Justice used <strong>Thunder</strong>!<br></div><div class="battle-history"><small>The opposing Lord Chief Justice's attack missed!</small><br></div><div class="spacer battle-history"><br></div><div class="battle-history"><small>The opposing Lord Chief Justice restored a little HP using its Leftovers!</small><br></div><div class="battle-history"><small>african back restored a little HP using its Leftovers!</small><br></div><div class="spacer battle-history"><br></div><h2 class="battle-history">Turn 112</h2><div class="chat message-error">the parrot97 has 15 seconds left this turn.</div><div class="chat message-error">the parrot97 has 10 seconds left.</div><div class="spacer battle-history"><br></div><div class="battle-history">the pirate99 withdrew Lord Chief Justice!<br></div><div class="battle-history">the pirate99 sent out The Right Honourab (<strong>Snorlax</strong>)!<br></div><div class="battle-history"><small>The opposing The Right Honourab was hurt by the spikes!</small><br></div><div class="spacer battle-history"><br></div><div class="battle-history">african back used <strong>Rock Slide</strong>!<br></div><div class="battle-history"><small>(The opposing The Right Honourab lost <abbr title="−135/523">25.8%</abbr> of its health!)</small><br></div><div class="spacer battle-history"><br></div><div class="battle-history"><small>african back restored a little HP using its Leftovers!</small><br></div><div class="spacer battle-history"><br></div><h2 class="battle-history">Turn 113</h2><div class="chat message-error">the parrot97 has 15 seconds left this turn.</div><div class="chat message-error">the parrot97 has 10 seconds left.</div><div class="spacer battle-history"><br></div><div class="battle-history">african back used <strong>Rock Slide</strong>!<br></div><div class="battle-history"><small>(The opposing The Right Honourab lost <abbr title="−149/523">28.5%</abbr> of its health!)</small><br></div><div class="battle-history"><small>The opposing The Right Honourab woke up!</small><br></div><div class="spacer battle-history"><br></div><div class="battle-history">The opposing The Right Honourab used <strong>Surf</strong>!<br></div><div class="battle-history"><small>It's super effective!</small><br></div><div class="battle-history"><small>(african back lost <abbr title="−111/403">27.5%</abbr> of its health!)</small><br></div><div class="spacer battle-history"><br></div><div class="battle-history"><small>african back restored a little HP using its Leftovers!</small><br></div><div class="spacer battle-history"><br></div><h2 class="battle-history">Turn 114</h2><div class="chat message-error">the parrot97 has 15 seconds left this turn.</div><div class="chat message-error">the parrot97 has 10 seconds left.</div><div class="spacer battle-history"><br></div><div class="battle-history">african back used <strong>Rock Slide</strong>!<br></div><div class="battle-history"><small>(The opposing The Right Honourab lost <abbr title="−151/523">28.9%</abbr> of its health!)</small><br></div><div class="spacer battle-history"><br></div><div class="battle-history">The opposing The Right Honourab used <strong>Rest</strong>!<br></div><div class="battle-history"><small>The opposing The Right Honourab slept and became healthy!</small><br></div><div class="spacer battle-history"><br></div><div class="battle-history"><small>african back restored a little HP using its Leftovers!</small><br></div><div class="spacer battle-history"><br></div><h2 class="battle-history">Turn 115</h2><div class="chat message-error">the parrot97 has 15 seconds left this turn.</div><div class="chat message-error">the parrot97 has 10 seconds left.</div><div class="spacer battle-history"><br></div><div class="battle-history">african back, come back!<br></div><div class="battle-history">Go! vicious 44 (<strong>Cloyster</strong>)!<br></div><div class="battle-history"><small>vicious 44 was hurt by the spikes!</small><br></div><div class="spacer battle-history"><br></div><div class="battle-history">The opposing The Right Honourab is fast asleep.<br></div><div class="spacer battle-history"><br></div><div class="battle-history">The opposing The Right Honourab used <strong>Sleep Talk</strong>!<br></div><div class="spacer battle-history"><br></div><div class="battle-history">The opposing The Right Honourab used <strong>Surf</strong>!<br></div><div class="battle-history"><small>It's not very effective...</small><br></div><div class="battle-history"><small>(vicious 44 lost <abbr title="−44/287">15.3%</abbr> of its health!)</small><br></div><div class="spacer battle-history"><br></div><div class="battle-history"><small>vicious 44 restored a little HP using its Leftovers!</small><br></div><div class="spacer battle-history"><br></div><h2 class="battle-history">Turn 116</h2><div class="chat message-error">the parrot97 has 15 seconds left this turn.</div><div class="chat message-error">the parrot97 has 10 seconds left.</div><div class="chat message-error">the parrot97 has 5 seconds left.</div><div class="chat message-error">the pirate99 has 180 seconds left.</div><div class="spacer battle-history"><br></div><div class="battle-history">the pirate99 withdrew The Right Honourab!<br></div><div class="battle-history">the pirate99 sent out The Very Reverend (<strong>Gengar</strong>)!<br></div><div class="battle-history"><small>The opposing The Very Reverend was hurt by the spikes!</small><br></div><div class="spacer battle-history"><br></div><div class="battle-history">vicious 44 used <strong>Surf</strong>!<br></div><div class="battle-history"><small>(The opposing The Very Reverend lost <abbr title="−128/323">39.6%</abbr> of its health!)</small><br></div><div class="spacer battle-history"><br></div><div class="battle-history"><small>The opposing The Very Reverend restored a little HP using its Leftovers!</small><br></div><div class="battle-history"><small>vicious 44 restored a little HP using its Leftovers!</small><br></div><div class="spacer battle-history"><br></div><h2 class="battle-history">Turn 117</h2><div class="chat message-error">the parrot97 has 10 seconds left this turn.</div><div class="chat message-error">the parrot97 has 5 seconds left.</div><div class="chat message-error">the pirate99 has 180 seconds left.</div><div class="spacer battle-history"><br></div><div class="battle-history">vicious 44, come back!<br></div><div class="battle-history">Go! bang bang still ge (<strong>Zapdos</strong>)!<br></div><div class="spacer battle-history"><br></div><div class="battle-history">The opposing The Very Reverend used <strong>Thunder</strong>!<br></div><div class="battle-history"><small>(bang bang still ge lost <abbr title="−113/383">29.5%</abbr> of its health!)</small><br></div><div class="spacer battle-history"><br></div><div class="battle-history"><small>The opposing The Very Reverend restored a little HP using its Leftovers!</small><br></div><div class="battle-history"><small>bang bang still ge restored a little HP using its Leftovers!</small><br></div><div class="spacer battle-history"><br></div><h2 class="battle-history">Turn 118</h2><div class="chat message-error">the parrot97 has 10 seconds left this turn.</div><div class="chat message-error">the pirate99 has 180 seconds left.</div><div class="spacer battle-history"><br></div><div class="battle-history">The opposing The Very Reverend used <strong>Explosion</strong>!<br></div><div class="battle-history"><small>(bang bang still ge lost <abbr title="−213/383">55.6%</abbr> of its health!)</small><br></div><div class="spacer battle-history"><br></div><div class="battle-history">The opposing The Very Reverend fainted!<br></div><div class="battle-history">bang bang still ge fainted!<br></div><div class="chat message-error">the parrot97 has 15 seconds left this turn.</div><div class="chat message-error">the parrot97 has 10 seconds left.</div><div class="chat message-error">the parrot97 has 5 seconds left.</div><div class="battle-history"><small>the parrot97 lost due to inactivity.</small><br></div><div class="spacer battle-history"><br></div><div class="battle-history"><strong>the pirate99</strong> won the battle!<br></div><div class="chat chatmessage-thepirate99"><strong style="color:#947637"><small>☆</small><span class="username" data-name="the pirate99">the pirate99</span>:</strong> <em>ah</em></div><div class="chat chatmessage-thepirate99"><strong style="color:#947637"><small>☆</small><span class="username" data-name="the pirate99">the pirate99</span>:</strong> <em>sry</em></div><div class="chat chatmessage-thepirate99"><strong style="color:#947637"><small>☆</small><span class="username" data-name="the pirate99">the pirate99</span>:</strong> <em>gg</em></div><div class="chat chatmessage-theparrot97"><strong style="color:#be13cd"><small>☆</small><span class="username" data-name="the parrot97">the parrot97</span>:</strong> <em>gg</em></div><div class="chat chatmessage-theparrot97"><strong style="color:#be13cd"><small>☆</small><span class="username" data-name="the parrot97">the parrot97</span>:</strong> <em>i clicked</em></div><div class="chat chatmessage-theparrot97"><strong style="color:#be13cd"><small>☆</small><span class="username" data-name="the parrot97">the parrot97</span>:</strong> <em>and also timer wasnt' regenerating</em></div><div class="chat chatmessage-theparrot97"><strong style="color:#be13cd"><small>☆</small><span class="username" data-name="the parrot97">the parrot97</span>:</strong> <em>well</em></div><div class="chat chatmessage-theparrot97"><strong style="color:#be13cd"><small>☆</small><span class="username" data-name="the parrot97">the parrot97</span>:</strong> <em>by like 5 seconds</em></div></div><div class="inner-preempt"></div></div></div>
</div>
<script>
let daily = Math.floor(Date.now()/1000/60/60/24);document.write('<script src="https://play.pokemonshowdown.com/js/replay-embed.js?version'+daily+'"></'+'script>');
</script>
