<!DOCTYPE html>
<meta charset="utf-8" />
<!-- version 1 -->
<title>[Gen 2] OU replay: Jimmy Turtwig vs. Fear</title>
<style>
html,body {font-family:Verdana, sans-serif;font-size:10pt;margin:0;padding:0;}body{padding:12px 0;} .battle-log {font-family:Verdana, sans-serif;font-size:10pt;} .battle-log-inline {border:1px solid #AAAAAA;background:#EEF2F5;color:black;max-width:640px;margin:0 auto 80px;padding-bottom:5px;} .battle-log .inner {padding:4px 8px 0px 8px;} .battle-log .inner-preempt {padding:0 8px 4px 8px;} .battle-log .inner-after {margin-top:0.5em;} .battle-log h2 {margin:0.5em -8px;padding:4px 8px;border:1px solid #AAAAAA;background:#E0E7EA;border-left:0;border-right:0;font-family:Verdana, sans-serif;font-size:13pt;} .battle-log .chat {vertical-align:middle;padding:3px 0 3px 0;font-size:8pt;} .battle-log .chat strong {color:#40576A;} .battle-log .chat em {padding:1px 4px 1px 3px;color:#000000;font-style:normal;} .chat.mine {background:rgba(0,0,0,0.05);margin-left:-8px;margin-right:-8px;padding-left:8px;padding-right:8px;} .spoiler {color:#BBBBBB;background:#BBBBBB;padding:0px 3px;} .spoiler:hover, .spoiler:active, .spoiler-shown {color:#000000;background:#E2E2E2;padding:0px 3px;} .spoiler a {color:#BBBBBB;} .spoiler:hover a, .spoiler:active a, .spoiler-shown a {color:#2288CC;} .chat code, .chat .spoiler:hover code, .chat .spoiler:active code, .chat .spoiler-shown code {border:1px solid #C0C0C0;background:#EEEEEE;color:black;padding:0 2px;} .chat .spoiler code {border:1px solid #CCCCCC;background:#CCCCCC;color:#CCCCCC;} .battle-log .rated {padding:3px 4px;} .battle-log .rated strong {color:white;background:#89A;padding:1px 4px;border-radius:4px;} .spacer {margin-top:0.5em;} .message-announce {background:#6688AA;color:white;padding:1px 4px 2px;} .message-announce a, .broadcast-green a, .broadcast-blue a, .broadcast-red a {color:#DDEEFF;} .broadcast-green {background-color:#559955;color:white;padding:2px 4px;} .broadcast-blue {background-color:#6688AA;color:white;padding:2px 4px;} .infobox {border:1px solid #6688AA;padding:2px 4px;} .infobox-limited {max-height:200px;overflow:auto;overflow-x:hidden;} .broadcast-red {background-color:#AA5544;color:white;padding:2px 4px;} .message-learn-canlearn {font-weight:bold;color:#228822;text-decoration:underline;} .message-learn-cannotlearn {font-weight:bold;color:#CC2222;text-decoration:underline;} .message-effect-weak {font-weight:bold;color:#CC2222;} .message-effect-resist {font-weight:bold;color:#6688AA;} .message-effect-immune {font-weight:bold;color:#666666;} .message-learn-list {margin-top:0;margin-bottom:0;} .message-throttle-notice, .message-error {color:#992222;} .message-overflow, .chat small.message-overflow {font-size:0pt;} .message-overflow::before {font-size:9pt;content:'...';} .subtle {color:#3A4A66;}
</style>
<div class="wrapper replay-wrapper" style="max-width:1180px;margin:0 auto">
<input type="hidden" name="replayid" value="smogtours-gen2ou-353993" />
<div class="battle"></div><div class="battle-log"></div><div class="replay-controls"></div><div class="replay-controls-2"></div>
<h1 style="font-weight:normal;text-align:center"><strong>[Gen 2] OU</strong><br /><a href="http://pokemonshowdown.com/users/jimmyturtwig" class="subtle" target="_blank">Jimmy Turtwig</a> vs. <a href="http://pokemonshowdown.com/users/fear" class="subtle" target="_blank">Fear</a></h1>
<script type="text/plain" class="battle-log-data">|inactive|Battle timer is ON: inactive players will automatically lose when time's up.
|player|p1|Jimmy Turtwig|30
|player|p2|Fear|209
|teamsize|p1|6
|teamsize|p2|6
|gametype|singles
|gen|2
|tier|[Gen 2] OU
|rule|Sleep Clause Mod: Limit one foe put to sleep
|rule|Freeze Clause Mod: Limit one foe frozen
|rule|Species Clause: Limit one of each Pokémon
|rule|OHKO Clause: OHKO moves are banned
|rule|Evasion Moves Clause: Evasion moves are banned
|rule|HP Percentage Mod: HP is shown in percentages
|
|start
|switch|p1a: Raikou|Raikou|100\/100
|switch|p2a: Nidoking|Nidoking, M|100\/100
|turn|1
|raw|<div class="broadcast-red"><strong>Moderated chat was set to ☆!<\/strong><br \/>Only users of rank ☆ and higher can talk.<\/div>
|inactive|Jimmy Turtwig has 285 seconds left.
|inactive|Jimmy Turtwig has 270 seconds left.
|
|move|p1a: Raikou|Hidden Power|p2a: Nidoking
|-supereffective|p2a: Nidoking
|-damage|p2a: Nidoking|59\/100
|move|p2a: Nidoking|Thief|p1a: Raikou
|-damage|p1a: Raikou|93\/100
|-item|p2a: Nidoking|Leftovers|[from] move: Thief|[of] p1a: Raikou
|
|-heal|p2a: Nidoking|65\/100|[from] item: Leftovers
|upkeep
|turn|2
|
|switch|p1a: Suicune|Suicune|100\/100
|switch|p2a: Snorlax|Snorlax, M|100\/100
|
|upkeep
|turn|3
|inactive|Jimmy Turtwig has 285 seconds left.
|inactive|Fear has 285 seconds left.
|
|switch|p2a: Forretress|Forretress, M|100\/100
|move|p1a: Suicune|Toxic|p2a: Forretress
|-immune|p2a: Forretress|[msg]
|
|upkeep
|turn|4
|inactive|Jimmy Turtwig has 285 seconds left.
|
|switch|p1a: Forretress|Forretress, M|100\/100
|move|p2a: Forretress|Spikes|p1a: Forretress
|-sidestart|p1: Jimmy Turtwig|Spikes
|
|upkeep
|turn|5
|
|move|p2a: Forretress|Hidden Power|p1a: Forretress
|-supereffective|p1a: Forretress
|-damage|p1a: Forretress|30\/100
|move|p1a: Forretress|Spikes|p2a: Forretress
|-sidestart|p2: Fear|Spikes
|
|-heal|p1a: Forretress|36\/100|[from] item: Leftovers
|upkeep
|turn|6
|
|move|p1a: Forretress|Hidden Power|p2a: Forretress
|-supereffective|p2a: Forretress
|-damage|p2a: Forretress|34\/100
|move|p2a: Forretress|Rapid Spin|p1a: Forretress
|-resisted|p1a: Forretress
|-damage|p1a: Forretress|35\/100
|-sideend|p2: Fear|Spikes|[from] move: Rapid Spin|[of] p2a: Forretress
|
|-heal|p1a: Forretress|41\/100|[from] item: Leftovers
|-heal|p2a: Forretress|40\/100|[from] item: Leftovers
|upkeep
|turn|7
|inactive|Jimmy Turtwig has 285 seconds left.
|inactive|Fear has 285 seconds left.
|inactive|Jimmy Turtwig has 270 seconds left.
|inactive|Jimmy Turtwig has 255 seconds left.
|
|switch|p1a: Tyranitar|Tyranitar, M|100\/100
|-damage|p1a: Tyranitar|88\/100|[from] Spikes
|switch|p2a: Nidoking|Nidoking, M|65\/100
|
|-heal|p2a: Nidoking|71\/100|[from] item: Leftovers
|-heal|p1a: Tyranitar|94\/100|[from] item: Leftovers
|upkeep
|turn|8
|inactive|Jimmy Turtwig has 255 seconds left.
|inactive|Jimmy Turtwig has 240 seconds left.
|inactive|Jimmy Turtwig has 225 seconds left.
|
|switch|p2a: Zapdos|Zapdos|100\/100
|switch|p1a: Suicune|Suicune|100\/100
|-damage|p1a: Suicune|88\/100|[from] Spikes
|
|-heal|p1a: Suicune|94\/100|[from] item: Leftovers
|upkeep
|turn|9
|
|switch|p1a: Raikou|Raikou|93\/100
|-damage|p1a: Raikou|81\/100|[from] Spikes
|move|p2a: Zapdos|Thunderbolt|p1a: Raikou
|-resisted|p1a: Raikou
|-damage|p1a: Raikou|65\/100
|
|upkeep
|turn|10
|inactive|Jimmy Turtwig has 225 seconds left.
|
|move|p1a: Raikou|Thunder|p2a: Zapdos
|-damage|p2a: Zapdos|58\/100
|move|p2a: Zapdos|Thunderbolt|p1a: Raikou
|-resisted|p1a: Raikou
|-damage|p1a: Raikou|47\/100
|
|-heal|p2a: Zapdos|64\/100|[from] item: Leftovers
|upkeep
|turn|11
|inactive|Jimmy Turtwig has 225 seconds left.
|inactive|Jimmy Turtwig has 210 seconds left.
|
|switch|p2a: Snorlax|Snorlax, M|100\/100
|move|p1a: Raikou|Rest|p1a: Raikou
|-status|p1a: Raikou|slp
|-heal|p1a: Raikou|100\/100 slp|[silent]
|-status|p1a: Raikou|slp|[from] move: Rest
|
|upkeep
|turn|12
|inactive|Jimmy Turtwig has 210 seconds left.
|inactive|Fear has 285 seconds left.
|inactive|Jimmy Turtwig has 195 seconds left.
|
|switch|p1a: Skarmory|Skarmory, M|100\/100
|switch|p2a: Zapdos|Zapdos|64\/100
|
|-heal|p2a: Zapdos|70\/100|[from] item: Leftovers
|upkeep
|turn|13
|inactive|Jimmy Turtwig has 195 seconds left.
|inactive|Fear has 285 seconds left.
|inactive|Jimmy Turtwig has 180 seconds left.
|
|switch|p2a: Tyranitar|Tyranitar, M|100\/100
|switch|p1a: Snorlax|Snorlax, M|100\/100
|-damage|p1a: Snorlax|88\/100|[from] Spikes
|
|-heal|p1a: Snorlax|94\/100|[from] item: Leftovers
|upkeep
|turn|14
|inactive|Jimmy Turtwig has 165 seconds left.
|inactive|Fear has 285 seconds left.
|
|switch|p2a: Snorlax|Snorlax, M|100\/100
|switch|p1a: Suicune|Suicune|94\/100
|-damage|p1a: Suicune|82\/100|[from] Spikes
|
|-heal|p1a: Suicune|88\/100|[from] item: Leftovers
|upkeep
|turn|15
|inactive|Jimmy Turtwig has 165 seconds left.
|inactive|Fear has 285 seconds left.
|
|move|p1a: Suicune|Toxic|p2a: Snorlax|[miss]
|-miss|p1a: Suicune
|move|p2a: Snorlax|Curse|p2a: Snorlax
|-unboost|p2a: Snorlax|spe|1
|-boost|p2a: Snorlax|atk|1
|-boost|p2a: Snorlax|def|1
|
|-heal|p1a: Suicune|94\/100|[from] item: Leftovers
|upkeep
|turn|16
|inactive|Fear has 285 seconds left.
|inactive|Jimmy Turtwig has 150 seconds left.
|inactive|Fear has 270 seconds left.
|
|switch|p1a: Skarmory|Skarmory, M|100\/100
|move|p2a: Snorlax|Double-Edge|p1a: Skarmory
|-resisted|p1a: Skarmory
|-damage|p1a: Skarmory|72\/100
|-damage|p2a: Snorlax|96\/100|[from] Recoil|[of] p1a: Skarmory
|
|-heal|p1a: Skarmory|78\/100|[from] item: Leftovers
|-heal|p2a: Snorlax|100\/100|[from] item: Leftovers
|upkeep
|turn|17
|inactive|Jimmy Turtwig has 150 seconds left.
|inactive|Fear has 270 seconds left.
|
|switch|p1a: Tyranitar|Tyranitar, M|94\/100
|-damage|p1a: Tyranitar|82\/100|[from] Spikes
|move|p2a: Snorlax|Lovely Kiss|p1a: Tyranitar
|-status|p1a: Tyranitar|slp
|
|-heal|p1a: Tyranitar|88\/100 slp|[from] item: Leftovers
|upkeep
|turn|18
|inactive|Jimmy Turtwig has 150 seconds left.
|inactive|Fear has 270 seconds left.
|
|switch|p1a: Skarmory|Skarmory, M|78\/100
|switch|p2a: Zapdos|Zapdos|70\/100
|
|-heal|p2a: Zapdos|76\/100|[from] item: Leftovers
|-heal|p1a: Skarmory|84\/100|[from] item: Leftovers
|upkeep
|turn|19
|inactive|Jimmy Turtwig has 150 seconds left.
|
|switch|p1a: Snorlax|Snorlax, M|94\/100
|-damage|p1a: Snorlax|82\/100|[from] Spikes
|move|p2a: Zapdos|Thunderbolt|p1a: Snorlax
|-damage|p1a: Snorlax|60\/100
|
|-heal|p2a: Zapdos|82\/100|[from] item: Leftovers
|-heal|p1a: Snorlax|66\/100|[from] item: Leftovers
|upkeep
|turn|20
|inactive|Jimmy Turtwig has 150 seconds left.
|
|move|p2a: Zapdos|Thunderbolt|p1a: Snorlax
|-damage|p1a: Snorlax|43\/100
|move|p1a: Snorlax|Return|p2a: Zapdos
|-damage|p2a: Zapdos|46\/100
|
|-heal|p2a: Zapdos|52\/100|[from] item: Leftovers
|-heal|p1a: Snorlax|49\/100|[from] item: Leftovers
|upkeep
|turn|21
|inactive|Jimmy Turtwig has 150 seconds left.
|
|switch|p2a: Machamp|Machamp, M|100\/100
|move|p1a: Snorlax|Lovely Kiss|p2a: Machamp
|-status|p2a: Machamp|slp
|
|-heal|p1a: Snorlax|55\/100|[from] item: Leftovers
|upkeep
|turn|22
|inactive|Jimmy Turtwig has 150 seconds left.
|inactive|Fear has 285 seconds left.
|inactive|Jimmy Turtwig has 135 seconds left.
|inactive|Jimmy Turtwig has 120 seconds left.
|
|switch|p2a: Tyranitar|Tyranitar, M|100\/100
|switch|p1a: Suicune|Suicune|94\/100
|-damage|p1a: Suicune|82\/100|[from] Spikes
|
|-heal|p1a: Suicune|88\/100|[from] item: Leftovers
|upkeep
|turn|23
|inactive|Jimmy Turtwig has 120 seconds left.
|inactive|Fear has 285 seconds left.
|inactive|Jimmy Turtwig has 105 seconds left.
|inactive|Jimmy Turtwig has 90 seconds left.
|
|switch|p2a: Snorlax|Snorlax, M|100\/100
|move|p1a: Suicune|Toxic|p2a: Snorlax
|-status|p2a: Snorlax|tox
|
|-heal|p1a: Suicune|94\/100|[from] item: Leftovers
|upkeep
|turn|24
|inactive|Jimmy Turtwig has 90 seconds left.
|inactive|Fear has 285 seconds left.
|inactive|Jimmy Turtwig has 75 seconds left.
|
|switch|p2a: Zapdos|Zapdos|52\/100
|move|p1a: Suicune|Surf|p2a: Zapdos
|-damage|p2a: Zapdos|22\/100
|
|-heal|p2a: Zapdos|28\/100|[from] item: Leftovers
|-heal|p1a: Suicune|100\/100|[from] item: Leftovers
|upkeep
|turn|25
|inactive|Jimmy Turtwig has 60 seconds left.
|
|switch|p1a: Raikou|Raikou|100\/100 slp
|-damage|p1a: Raikou|88\/100 slp|[from] Spikes
|move|p2a: Zapdos|Rest|p2a: Zapdos
|-status|p2a: Zapdos|slp
|-heal|p2a: Zapdos|100\/100 slp|[silent]
|-status|p2a: Zapdos|slp|[from] move: Rest
|
|upkeep
|turn|26
|inactive|Fear has 285 seconds left.
|
|switch|p2a: Snorlax|Snorlax, M|100\/100 tox
|-status|p2a: Snorlax|psn
|-damage|p2a: Snorlax|88\/100 psn|[from] psn
|cant|p1a: Raikou|slp
|
|-heal|p2a: Snorlax|94\/100 psn|[from] item: Leftovers
|upkeep
|turn|27
|inactive|Jimmy Turtwig has 60 seconds left.
|
|switch|p2a: Nidoking|Nidoking, M|71\/100
|cant|p1a: Raikou|slp
|
|-heal|p2a: Nidoking|77\/100|[from] item: Leftovers
|upkeep
|turn|28
|inactive|Jimmy Turtwig has 60 seconds left.
|
|switch|p1a: Suicune|Suicune|100\/100
|-damage|p1a: Suicune|88\/100|[from] Spikes
|move|p2a: Nidoking|Earthquake|p1a: Suicune
|-damage|p1a: Suicune|62\/100
|
|-heal|p2a: Nidoking|83\/100|[from] item: Leftovers
|-heal|p1a: Suicune|68\/100|[from] item: Leftovers
|upkeep
|turn|29
|inactive|Fear has 285 seconds left.
|inactive|Jimmy Turtwig has 45 seconds left.
|inactive|Fear has 270 seconds left.
|inactive|Jimmy Turtwig has 30 seconds left.
|
|switch|p2a: Zapdos|Zapdos|100\/100 slp
|switch|p1a: Forretress|Forretress, M|41\/100
|-damage|p1a: Forretress|28\/100|[from] Spikes
|
|-heal|p1a: Forretress|34\/100|[from] item: Leftovers
|upkeep
|turn|30
|inactive|Jimmy Turtwig has 30 seconds left.
|
|cant|p2a: Zapdos|slp
|move|p2a: Zapdos|Sleep Talk|p2a: Zapdos
|move|p2a: Zapdos|Hidden Power|p1a: Forretress|[from]Sleep Talk
|-resisted|p1a: Forretress
|-damage|p1a: Forretress|21\/100
|move|p1a: Forretress|Rapid Spin|p2a: Zapdos
|-damage|p2a: Zapdos|96\/100 slp
|-sideend|p1: Jimmy Turtwig|Spikes|[from] move: Rapid Spin|[of] p1a: Forretress
|
|-heal|p2a: Zapdos|100\/100 slp|[from] item: Leftovers
|-heal|p1a: Forretress|27\/100|[from] item: Leftovers
|upkeep
|turn|31
|inactive|Jimmy Turtwig has 30 seconds left.
|inactive|Fear has 270 seconds left.
|
|switch|p1a: Raikou|Raikou|88\/100 slp
|cant|p2a: Zapdos|slp
|move|p2a: Zapdos|Sleep Talk|p2a: Zapdos
|move|p2a: Zapdos|Thunderbolt|p1a: Raikou|[from]Sleep Talk
|-resisted|p1a: Raikou
|-damage|p1a: Raikou|73\/100 slp
|
|upkeep
|turn|32
|inactive|Fear has 270 seconds left.
|inactive|Fear has 255 seconds left.
|inactive|Fear has 240 seconds left.
|
|switch|p2a: Snorlax|Snorlax, M|94\/100 psn
|-damage|p2a: Snorlax|82\/100 psn|[from] psn
|-curestatus|p1a: Raikou|slp|[msg]
|move|p1a: Raikou|Hidden Power|p2a: Snorlax
|-damage|p2a: Snorlax|71\/100 psn
|
|-heal|p2a: Snorlax|77\/100 psn|[from] item: Leftovers
|upkeep
|turn|33
|inactive|Fear has 240 seconds left.
|inactive|Jimmy Turtwig has 30 seconds left.
|inactive|Jimmy Turtwig has 20 seconds left.
|
|switch|p1a: Skarmory|Skarmory, M|84\/100
|move|p2a: Snorlax|Double-Edge|p1a: Skarmory
|-resisted|p1a: Skarmory
|-damage|p1a: Skarmory|68\/100
|-damage|p2a: Snorlax|74\/100 psn|[from] Recoil|[of] p1a: Skarmory
|-damage|p2a: Snorlax|62\/100 psn|[from] psn|[of] p1a: Skarmory
|
|-heal|p1a: Skarmory|74\/100|[from] item: Leftovers
|-heal|p2a: Snorlax|68\/100 psn|[from] item: Leftovers
|upkeep
|turn|34
|inactive|Jimmy Turtwig has 20 seconds left.
|
|switch|p1a: Forretress|Forretress, M|27\/100
|move|p2a: Snorlax|Rest|p2a: Snorlax
|-status|p2a: Snorlax|slp
|-heal|p2a: Snorlax|100\/100 slp|[silent]
|-status|p2a: Snorlax|slp|[from] move: Rest
|
|-heal|p1a: Forretress|33\/100|[from] item: Leftovers
|upkeep
|turn|35
|
|move|p1a: Forretress|Spikes|p2a: Snorlax
|-sidestart|p2: Fear|Spikes
|cant|p2a: Snorlax|slp
|
|-heal|p1a: Forretress|39\/100|[from] item: Leftovers
|upkeep
|turn|36
|inactive|Jimmy Turtwig has 30 seconds left.
|inactive|Fear has 240 seconds left.
|
|switch|p1a: Skarmory|Skarmory, M|74\/100
|cant|p2a: Snorlax|slp
|
|-heal|p1a: Skarmory|80\/100|[from] item: Leftovers
|upkeep
|turn|37
|inactive|Jimmy Turtwig has 30 seconds left.
|
|switch|p2a: Zapdos|Zapdos|100\/100 slp
|move|p1a: Skarmory|Drill Peck|p2a: Zapdos
|-resisted|p2a: Zapdos
|-damage|p2a: Zapdos|88\/100 slp
|
|-heal|p2a: Zapdos|94\/100 slp|[from] item: Leftovers
|-heal|p1a: Skarmory|86\/100|[from] item: Leftovers
|upkeep
|turn|38
|inactive|Jimmy Turtwig has 30 seconds left.
|
|switch|p1a: Snorlax|Snorlax, M|55\/100
|-curestatus|p2a: Zapdos|slp|[msg]
|move|p2a: Zapdos|Thunderbolt|p1a: Snorlax
|-damage|p1a: Snorlax|32\/100
|-status|p1a: Snorlax|par
|
|-heal|p2a: Zapdos|100\/100|[from] item: Leftovers
|-heal|p1a: Snorlax|38\/100 par|[from] item: Leftovers
|upkeep
|turn|39
|inactive|Jimmy Turtwig has 30 seconds left.
|inactive|Jimmy Turtwig has 20 seconds left.
|inactive|Fear has 240 seconds left.
|inactive|Jimmy Turtwig has 15 seconds left.
|inactive|Jimmy Turtwig has 10 seconds left.
|inactive|Fear has 225 seconds left.
|
|switch|p2a: Forretress|Forretress, M|40\/100
|-damage|p2a: Forretress|28\/100|[from] Spikes
|move|p1a: Snorlax|Rest|p1a: Snorlax
|-status|p1a: Snorlax|slp
|-heal|p1a: Snorlax|100\/100 slp|[silent]
|-status|p1a: Snorlax|slp|[from] move: Rest
|
|-heal|p2a: Forretress|34\/100|[from] item: Leftovers
|upkeep
|turn|40
|inactive|Jimmy Turtwig has 15 seconds left.
|inactive|Jimmy Turtwig has 10 seconds left.
|inactive|Jimmy Turtwig has 5 seconds left.
|inactive|Fear has 210 seconds left.
|
|switch|p1a: Raikou|Raikou|73\/100
|move|p2a: Forretress|Rapid Spin|p1a: Raikou
|-damage|p1a: Raikou|68\/100
|-sideend|p2: Fear|Spikes|[from] move: Rapid Spin|[of] p2a: Forretress
|
|-heal|p2a: Forretress|40\/100|[from] item: Leftovers
|upkeep
|turn|41
|inactive|Jimmy Turtwig has 10 seconds left.
|inactive|Fear has 210 seconds left.
|c|☆Jimmy Turtwig|think im lagging a bit
|
|switch|p2a: Snorlax|Snorlax, M|100\/100 slp
|move|p1a: Raikou|Hidden Power|p2a: Snorlax
|-damage|p2a: Snorlax|90\/100 slp
|
|-heal|p2a: Snorlax|96\/100 slp|[from] item: Leftovers
|upkeep
|turn|42
|inactive|Jimmy Turtwig has 15 seconds left.
|
|switch|p1a: Forretress|Forretress, M|39\/100
|-curestatus|p2a: Snorlax|slp|[msg]
|move|p2a: Snorlax|Double-Edge|p1a: Forretress
|-resisted|p1a: Forretress
|-damage|p1a: Forretress|20\/100
|-damage|p2a: Snorlax|93\/100|[from] Recoil|[of] p1a: Forretress
|
|-heal|p1a: Forretress|26\/100|[from] item: Leftovers
|-heal|p2a: Snorlax|99\/100|[from] item: Leftovers
|upkeep
|turn|43
|inactive|Jimmy Turtwig has 20 seconds left.
|inactive|Fear has 210 seconds left.
|
|switch|p2a: Tyranitar|Tyranitar, M|100\/100
|move|p1a: Forretress|Spikes|p2a: Tyranitar
|-sidestart|p2: Fear|Spikes
|
|-heal|p1a: Forretress|32\/100|[from] item: Leftovers
|upkeep
|turn|44
|inactive|Fear has 210 seconds left.
|
|-activate|p1a: Forretress|move: Pursuit
|move|p2a: Tyranitar|Pursuit|p1a: Forretress|[from]Pursuit
|-resisted|p1a: Forretress
|-damage|p1a: Forretress|12\/100
|switch|p1a: Suicune|Suicune|68\/100
|
|-heal|p1a: Suicune|74\/100|[from] item: Leftovers
|upkeep
|turn|45
|inactive|Jimmy Turtwig has 30 seconds left.
|
|switch|p2a: Zapdos|Zapdos|100\/100
|move|p1a: Suicune|Surf|p2a: Zapdos
|-damage|p2a: Zapdos|70\/100
|
|-heal|p2a: Zapdos|76\/100|[from] item: Leftovers
|-heal|p1a: Suicune|80\/100|[from] item: Leftovers
|upkeep
|turn|46
|
|switch|p1a: Raikou|Raikou|68\/100
|move|p2a: Zapdos|Thunderbolt|p1a: Raikou
|-resisted|p1a: Raikou
|-damage|p1a: Raikou|52\/100
|
|-heal|p2a: Zapdos|82\/100|[from] item: Leftovers
|upkeep
|turn|47
|inactive|Fear has 225 seconds left.
|
|switch|p2a: Snorlax|Snorlax, M|99\/100
|-damage|p2a: Snorlax|87\/100|[from] Spikes
|move|p1a: Raikou|Roar|p2a: Snorlax
|drag|p2a: Tyranitar|Tyranitar, M|100\/100
|-damage|p2a: Tyranitar|88\/100|[from] Spikes
|
|-heal|p2a: Tyranitar|94\/100|[from] item: Leftovers
|upkeep
|turn|48
|inactive|Jimmy Turtwig has 45 seconds left.
|inactive|Fear has 225 seconds left.
|
|switch|p1a: Suicune|Suicune|80\/100
|move|p2a: Tyranitar|Roar|p1a: Suicune
|drag|p1a: Raikou|Raikou|52\/100
|
|-heal|p2a: Tyranitar|100\/100|[from] item: Leftovers
|upkeep
|turn|49
|
|switch|p1a: Suicune|Suicune|80\/100
|move|p2a: Tyranitar|Rock Slide|p1a: Suicune
|-damage|p1a: Suicune|57\/100
|
|-heal|p1a: Suicune|63\/100|[from] item: Leftovers
|upkeep
|turn|50
|
|switch|p2a: Zapdos|Zapdos|82\/100
|move|p1a: Suicune|Toxic|p2a: Zapdos|[miss]
|-miss|p1a: Suicune
|
|-heal|p2a: Zapdos|88\/100|[from] item: Leftovers
|-heal|p1a: Suicune|69\/100|[from] item: Leftovers
|upkeep
|turn|51
|inactive|Jimmy Turtwig has 60 seconds left.
|inactive|Fear has 240 seconds left.
|
|switch|p1a: Snorlax|Snorlax, M|100\/100 slp
|move|p2a: Zapdos|Thunderbolt|p1a: Snorlax
|-damage|p1a: Snorlax|77\/100 slp
|
|-heal|p2a: Zapdos|94\/100|[from] item: Leftovers
|-heal|p1a: Snorlax|83\/100 slp|[from] item: Leftovers
|upkeep
|turn|52
|
|switch|p1a: Raikou|Raikou|52\/100
|move|p2a: Zapdos|Thunderbolt|p1a: Raikou
|-resisted|p1a: Raikou
|-damage|p1a: Raikou|35\/100
|
|-heal|p2a: Zapdos|99\/100|[from] item: Leftovers
|upkeep
|turn|53
|inactive|Jimmy Turtwig has 75 seconds left.
|
|switch|p2a: Snorlax|Snorlax, M|87\/100
|-damage|p2a: Snorlax|74\/100|[from] Spikes
|move|p1a: Raikou|Thunder|p2a: Snorlax
|-crit|p2a: Snorlax
|-damage|p2a: Snorlax|24\/100
|
|-heal|p2a: Snorlax|31\/100|[from] item: Leftovers
|upkeep
|turn|54
|inactive|Jimmy Turtwig has 75 seconds left.
|inactive|Fear has 255 seconds left.
|
|switch|p1a: Skarmory|Skarmory, M|86\/100
|move|p2a: Snorlax|Rest|p2a: Snorlax
|-status|p2a: Snorlax|slp
|-heal|p2a: Snorlax|100\/100 slp|[silent]
|-status|p2a: Snorlax|slp|[from] move: Rest
|
|-heal|p1a: Skarmory|92\/100|[from] item: Leftovers
|upkeep
|turn|55
|inactive|Jimmy Turtwig has 75 seconds left.
|
|switch|p1a: Forretress|Forretress, M|12\/100
|switch|p2a: Zapdos|Zapdos|99\/100
|
|-heal|p2a: Zapdos|100\/100|[from] item: Leftovers
|-heal|p1a: Forretress|18\/100|[from] item: Leftovers
|upkeep
|turn|56
|inactive|Jimmy Turtwig has 75 seconds left.
|inactive|Fear has 255 seconds left.
|
|switch|p1a: Snorlax|Snorlax, M|83\/100 slp
|move|p2a: Zapdos|Thunderbolt|p1a: Snorlax
|-damage|p1a: Snorlax|59\/100 slp
|
|-heal|p1a: Snorlax|65\/100 slp|[from] item: Leftovers
|upkeep
|turn|57
|inactive|Jimmy Turtwig has 75 seconds left.
|inactive|Fear has 255 seconds left.
|
|move|p2a: Zapdos|Thunderbolt|p1a: Snorlax
|-crit|p1a: Snorlax
|-damage|p1a: Snorlax|19\/100 slp
|cant|p1a: Snorlax|slp
|
|-heal|p1a: Snorlax|25\/100 slp|[from] item: Leftovers
|upkeep
|turn|58
|inactive|Fear has 255 seconds left.
|
|switch|p1a: Raikou|Raikou|35\/100
|move|p2a: Zapdos|Thunderbolt|p1a: Raikou
|-resisted|p1a: Raikou
|-damage|p1a: Raikou|17\/100
|
|upkeep
|turn|59
|inactive|Fear has 255 seconds left.
|
|switch|p2a: Tyranitar|Tyranitar, M|100\/100
|-damage|p2a: Tyranitar|88\/100|[from] Spikes
|move|p1a: Raikou|Rest|p1a: Raikou
|-status|p1a: Raikou|slp
|-heal|p1a: Raikou|100\/100 slp|[silent]
|-status|p1a: Raikou|slp|[from] move: Rest
|
|-heal|p2a: Tyranitar|94\/100|[from] item: Leftovers
|upkeep
|turn|60
|inactive|Fear has 255 seconds left.
|
|cant|p1a: Raikou|slp
|move|p2a: Tyranitar|Pursuit|p1a: Raikou
|-damage|p1a: Raikou|88\/100 slp
|
|-heal|p2a: Tyranitar|100\/100|[from] item: Leftovers
|upkeep
|turn|61
|inactive|Jimmy Turtwig has 90 seconds left.
|
|-activate|p1a: Raikou|move: Pursuit
|move|p2a: Tyranitar|Pursuit|p1a: Raikou|[from]Pursuit
|-damage|p1a: Raikou|64\/100 slp
|switch|p1a: Suicune|Suicune|69\/100
|
|-heal|p1a: Suicune|76\/100|[from] item: Leftovers
|upkeep
|turn|62
|inactive|Jimmy Turtwig has 90 seconds left.
|
|switch|p1a: Raikou|Raikou|64\/100 slp
|switch|p2a: Zapdos|Zapdos|100\/100
|
|upkeep
|turn|63
|
|switch|p2a: Forretress|Forretress, M|40\/100
|-damage|p2a: Forretress|28\/100|[from] Spikes
|cant|p1a: Raikou|slp
|
|-heal|p2a: Forretress|34\/100|[from] item: Leftovers
|upkeep
|turn|64
|inactive|Fear has 270 seconds left.
|
|switch|p2a: Nidoking|Nidoking, M|83\/100
|-damage|p2a: Nidoking|71\/100|[from] Spikes
|-curestatus|p1a: Raikou|slp|[msg]
|move|p1a: Raikou|Thunder|p2a: Nidoking
|-immune|p2a: Nidoking|[msg]
|
|-heal|p2a: Nidoking|77\/100|[from] item: Leftovers
|upkeep
|turn|65
|
|switch|p1a: Suicune|Suicune|76\/100
|move|p2a: Nidoking|Earthquake|p1a: Suicune
|-damage|p1a: Suicune|50\/100
|
|-heal|p1a: Suicune|56\/100|[from] item: Leftovers
|-heal|p2a: Nidoking|83\/100|[from] item: Leftovers
|upkeep
|turn|66
|inactive|Jimmy Turtwig has 105 seconds left.
|inactive|Jimmy Turtwig has 90 seconds left.
|inactive|Fear has 270 seconds left.
|
|switch|p1a: Raikou|Raikou|64\/100
|move|p2a: Nidoking|Earthquake|p1a: Raikou
|-supereffective|p1a: Raikou
|-damage|p1a: Raikou|0 fnt
|faint|p1a: Raikou
|
|switch|p1a: Suicune|Suicune|56\/100
|
|-heal|p1a: Suicune|62\/100|[from] item: Leftovers
|-heal|p2a: Nidoking|89\/100|[from] item: Leftovers
|upkeep
|turn|67
|inactive|Fear has 285 seconds left.
|
|switch|p1a: Snorlax|Snorlax, M|25\/100 slp
|move|p2a: Nidoking|Earthquake|p1a: Snorlax
|-crit|p1a: Snorlax
|-damage|p1a: Snorlax|0 fnt
|faint|p1a: Snorlax
|
|switch|p1a: Suicune|Suicune|62\/100
|
|-heal|p1a: Suicune|68\/100|[from] item: Leftovers
|-heal|p2a: Nidoking|95\/100|[from] item: Leftovers
|upkeep
|turn|68
|c|☆Fear|gg
|c|☆Jimmy Turtwig|yh gg
|
|switch|p2a: Zapdos|Zapdos|100\/100
|move|p1a: Suicune|Surf|p2a: Zapdos
|-damage|p2a: Zapdos|72\/100
|
|-heal|p2a: Zapdos|78\/100|[from] item: Leftovers
|-heal|p1a: Suicune|75\/100|[from] item: Leftovers
|upkeep
|turn|69
|
|switch|p1a: Forretress|Forretress, M|18\/100
|move|p2a: Zapdos|Thunderbolt|p1a: Forretress
|-damage|p1a: Forretress|0 fnt
|faint|p1a: Forretress
|
|switch|p1a: Tyranitar|Tyranitar, M|88\/100 slp
|
|-heal|p2a: Zapdos|84\/100|[from] item: Leftovers
|-heal|p1a: Tyranitar|94\/100 slp|[from] item: Leftovers
|upkeep
|turn|70
|inactive|Fear has 285 seconds left.
|
|move|p2a: Zapdos|Thunderbolt|p1a: Tyranitar
|-damage|p1a: Tyranitar|64\/100 slp
|cant|p1a: Tyranitar|slp
|
|-heal|p2a: Zapdos|90\/100|[from] item: Leftovers
|-heal|p1a: Tyranitar|70\/100 slp|[from] item: Leftovers
|upkeep
|turn|71
|
|move|p2a: Zapdos|Thunderbolt|p1a: Tyranitar
|-crit|p1a: Tyranitar
|-damage|p1a: Tyranitar|10\/100 slp
|cant|p1a: Tyranitar|slp
|
|-heal|p2a: Zapdos|96\/100|[from] item: Leftovers
|-heal|p1a: Tyranitar|17\/100 slp|[from] item: Leftovers
|upkeep
|turn|72
|-message|Jimmy Turtwig forfeited.
|
|win|Fear
</script>
</div>
<div class="battle-log battle-log-inline"><div class="inner"><div class="battle-options"></div><div class="inner"><div class="chat message-error">Battle timer is ON: inactive players will automatically lose when time's up.</div><div class=""><small>Format:</small> <br><strong>[Gen 2] OU</strong></div><div class=""><small><em>Sleep Clause Mod:</em> Limit one foe put to sleep</small></div><div class=""><small><em>Freeze Clause Mod:</em> Limit one foe frozen</small></div><div class=""><small><em>Species Clause:</em> Limit one of each Pokémon</small></div><div class=""><small><em>OHKO Clause:</em> OHKO moves are banned</small></div><div class=""><small><em>Evasion Moves Clause:</em> Evasion moves are banned</small></div><div class=""><small><em>HP Percentage Mod:</em> HP is shown in percentages</small></div><div class="spacer battle-history"><br></div><div class="battle-history">Battle started between Jimmy Turtwig and Fear!<br></div><div class="spacer battle-history"><br></div><div class="battle-history">Go! <strong>Raikou</strong>!<br></div><div class="spacer battle-history"><br></div><div class="battle-history">Fear sent out <strong>Nidoking</strong>!<br></div><div class="spacer battle-history"><br></div><h2 class="battle-history">Turn 1</h2><div class="chat"><div class="broadcast-red"><strong>Moderated chat was set to ☆!</strong><br>Only users of rank ☆ and higher can talk.</div></div><div class="chat message-error">Jimmy Turtwig has 285 seconds left.</div><div class="chat message-error">Jimmy Turtwig has 270 seconds left.</div><div class="spacer battle-history"><br></div><div class="battle-history">Raikou used <strong>Hidden Power</strong>!<br></div><div class="battle-history"><small>It's super effective!</small><br></div><div class="battle-history"><small>(The opposing Nidoking lost 41% of its health!)</small><br></div><div class="spacer battle-history"><br></div><div class="battle-history">The opposing Nidoking used <strong>Thief</strong>!<br></div><div class="battle-history"><small>(Raikou lost 7% of its health!)</small><br></div><div class="battle-history"><small>The opposing Nidoking stole Raikou's Leftovers!</small><br></div><div class="spacer battle-history"><br></div><div class="battle-history"><small>The opposing Nidoking restored a little HP using its Leftovers!</small><br></div><div class="spacer battle-history"><br></div><h2 class="battle-history">Turn 2</h2><div class="spacer battle-history"><br></div><div class="battle-history">Raikou, come back!<br></div><div class="battle-history">Go! <strong>Suicune</strong>!<br></div><div class="spacer battle-history"><br></div><div class="battle-history">Fear withdrew Nidoking!<br></div><div class="battle-history">Fear sent out <strong>Snorlax</strong>!<br></div><div class="spacer battle-history"><br></div><h2 class="battle-history">Turn 3</h2><div class="chat message-error">Jimmy Turtwig has 285 seconds left.</div><div class="chat message-error">Fear has 285 seconds left.</div><div class="spacer battle-history"><br></div><div class="battle-history">Fear withdrew Snorlax!<br></div><div class="battle-history">Fear sent out <strong>Forretress</strong>!<br></div><div class="spacer battle-history"><br></div><div class="battle-history">Suicune used <strong>Toxic</strong>!<br></div><div class="battle-history"><small>It doesn't affect the opposing Forretress...</small><br></div><div class="spacer battle-history"><br></div><h2 class="battle-history">Turn 4</h2><div class="chat message-error">Jimmy Turtwig has 285 seconds left.</div><div class="spacer battle-history"><br></div><div class="battle-history">Suicune, come back!<br></div><div class="battle-history">Go! <strong>Forretress</strong>!<br></div><div class="spacer battle-history"><br></div><div class="battle-history">The opposing Forretress used <strong>Spikes</strong>!<br></div><div class="battle-history"><small>Spikes were scattered on the ground all around your team!</small><br></div><div class="spacer battle-history"><br></div><h2 class="battle-history">Turn 5</h2><div class="spacer battle-history"><br></div><div class="battle-history">The opposing Forretress used <strong>Hidden Power</strong>!<br></div><div class="battle-history"><small>It's super effective!</small><br></div><div class="battle-history"><small>(Forretress lost 70% of its health!)</small><br></div><div class="spacer battle-history"><br></div><div class="battle-history">Forretress used <strong>Spikes</strong>!<br></div><div class="battle-history"><small>Spikes were scattered on the ground all around the opposing team!</small><br></div><div class="spacer battle-history"><br></div><div class="battle-history"><small>Forretress restored a little HP using its Leftovers!</small><br></div><div class="spacer battle-history"><br></div><h2 class="battle-history">Turn 6</h2><div class="spacer battle-history"><br></div><div class="battle-history">Forretress used <strong>Hidden Power</strong>!<br></div><div class="battle-history"><small>It's super effective!</small><br></div><div class="battle-history"><small>(The opposing Forretress lost 66% of its health!)</small><br></div><div class="spacer battle-history"><br></div><div class="battle-history">The opposing Forretress used <strong>Rapid Spin</strong>!<br></div><div class="battle-history"><small>It's not very effective...</small><br></div><div class="battle-history"><small>(Forretress lost 1% of its health!)</small><br></div><div class="battle-history"><small>The spikes disappeared from the ground around the opposing team!</small><br></div><div class="spacer battle-history"><br></div><div class="battle-history"><small>Forretress restored a little HP using its Leftovers!</small><br></div><div class="battle-history"><small>The opposing Forretress restored a little HP using its Leftovers!</small><br></div><div class="spacer battle-history"><br></div><h2 class="battle-history">Turn 7</h2><div class="chat message-error">Jimmy Turtwig has 285 seconds left.</div><div class="chat message-error">Fear has 285 seconds left.</div><div class="chat message-error">Jimmy Turtwig has 270 seconds left.</div><div class="chat message-error">Jimmy Turtwig has 255 seconds left.</div><div class="spacer battle-history"><br></div><div class="battle-history">Forretress, come back!<br></div><div class="battle-history">Go! <strong>Tyranitar</strong>!<br></div><div class="battle-history"><small>Tyranitar was hurt by the spikes!</small><br></div><div class="spacer battle-history"><br></div><div class="battle-history">Fear withdrew Forretress!<br></div><div class="battle-history">Fear sent out <strong>Nidoking</strong>!<br></div><div class="spacer battle-history"><br></div><div class="battle-history"><small>The opposing Nidoking restored a little HP using its Leftovers!</small><br></div><div class="battle-history"><small>Tyranitar restored a little HP using its Leftovers!</small><br></div><div class="spacer battle-history"><br></div><h2 class="battle-history">Turn 8</h2><div class="chat message-error">Jimmy Turtwig has 255 seconds left.</div><div class="chat message-error">Jimmy Turtwig has 240 seconds left.</div><div class="chat message-error">Jimmy Turtwig has 225 seconds left.</div><div class="spacer battle-history"><br></div><div class="battle-history">Fear withdrew Nidoking!<br></div><div class="battle-history">Fear sent out <strong>Zapdos</strong>!<br></div><div class="spacer battle-history"><br></div><div class="battle-history">Tyranitar, come back!<br></div><div class="battle-history">Go! <strong>Suicune</strong>!<br></div><div class="battle-history"><small>Suicune was hurt by the spikes!</small><br></div><div class="spacer battle-history"><br></div><div class="battle-history"><small>Suicune restored a little HP using its Leftovers!</small><br></div><div class="spacer battle-history"><br></div><h2 class="battle-history">Turn 9</h2><div class="spacer battle-history"><br></div><div class="battle-history">Suicune, come back!<br></div><div class="battle-history">Go! <strong>Raikou</strong>!<br></div><div class="battle-history"><small>Raikou was hurt by the spikes!</small><br></div><div class="spacer battle-history"><br></div><div class="battle-history">The opposing Zapdos used <strong>Thunderbolt</strong>!<br></div><div class="battle-history"><small>It's not very effective...</small><br></div><div class="battle-history"><small>(Raikou lost 16% of its health!)</small><br></div><div class="spacer battle-history"><br></div><h2 class="battle-history">Turn 10</h2><div class="chat message-error">Jimmy Turtwig has 225 seconds left.</div><div class="spacer battle-history"><br></div><div class="battle-history">Raikou used <strong>Thunder</strong>!<br></div><div class="battle-history"><small>(The opposing Zapdos lost 42% of its health!)</small><br></div><div class="spacer battle-history"><br></div><div class="battle-history">The opposing Zapdos used <strong>Thunderbolt</strong>!<br></div><div class="battle-history"><small>It's not very effective...</small><br></div><div class="battle-history"><small>(Raikou lost 18% of its health!)</small><br></div><div class="spacer battle-history"><br></div><div class="battle-history"><small>The opposing Zapdos restored a little HP using its Leftovers!</small><br></div><div class="spacer battle-history"><br></div><h2 class="battle-history">Turn 11</h2><div class="chat message-error">Jimmy Turtwig has 225 seconds left.</div><div class="chat message-error">Jimmy Turtwig has 210 seconds left.</div><div class="spacer battle-history"><br></div><div class="battle-history">Fear withdrew Zapdos!<br></div><div class="battle-history">Fear sent out <strong>Snorlax</strong>!<br></div><div class="spacer battle-history"><br></div><div class="battle-history">Raikou used <strong>Rest</strong>!<br></div><div class="battle-history"><small>Raikou fell asleep!</small><br></div><div class="battle-history"><small>Raikou slept and became healthy!</small><br></div><div class="spacer battle-history"><br></div><h2 class="battle-history">Turn 12</h2><div class="chat message-error">Jimmy Turtwig has 210 seconds left.</div><div class="chat message-error">Fear has 285 seconds left.</div><div class="chat message-error">Jimmy Turtwig has 195 seconds left.</div><div class="spacer battle-history"><br></div><div class="battle-history">Raikou, come back!<br></div><div class="battle-history">Go! <strong>Skarmory</strong>!<br></div><div class="spacer battle-history"><br></div><div class="battle-history">Fear withdrew Snorlax!<br></div><div class="battle-history">Fear sent out <strong>Zapdos</strong>!<br></div><div class="spacer battle-history"><br></div><div class="battle-history"><small>The opposing Zapdos restored a little HP using its Leftovers!</small><br></div><div class="spacer battle-history"><br></div><h2 class="battle-history">Turn 13</h2><div class="chat message-error">Jimmy Turtwig has 195 seconds left.</div><div class="chat message-error">Fear has 285 seconds left.</div><div class="chat message-error">Jimmy Turtwig has 180 seconds left.</div><div class="spacer battle-history"><br></div><div class="battle-history">Fear withdrew Zapdos!<br></div><div class="battle-history">Fear sent out <strong>Tyranitar</strong>!<br></div><div class="spacer battle-history"><br></div><div class="battle-history">Skarmory, come back!<br></div><div class="battle-history">Go! <strong>Snorlax</strong>!<br></div><div class="battle-history"><small>Snorlax was hurt by the spikes!</small><br></div><div class="spacer battle-history"><br></div><div class="battle-history"><small>Snorlax restored a little HP using its Leftovers!</small><br></div><div class="spacer battle-history"><br></div><h2 class="battle-history">Turn 14</h2><div class="chat message-error">Jimmy Turtwig has 165 seconds left.</div><div class="chat message-error">Fear has 285 seconds left.</div><div class="spacer battle-history"><br></div><div class="battle-history">Fear withdrew Tyranitar!<br></div><div class="battle-history">Fear sent out <strong>Snorlax</strong>!<br></div><div class="spacer battle-history"><br></div><div class="battle-history">Snorlax, come back!<br></div><div class="battle-history">Go! <strong>Suicune</strong>!<br></div><div class="battle-history"><small>Suicune was hurt by the spikes!</small><br></div><div class="spacer battle-history"><br></div><div class="battle-history"><small>Suicune restored a little HP using its Leftovers!</small><br></div><div class="spacer battle-history"><br></div><h2 class="battle-history">Turn 15</h2><div class="chat message-error">Jimmy Turtwig has 165 seconds left.</div><div class="chat message-error">Fear has 285 seconds left.</div><div class="spacer battle-history"><br></div><div class="battle-history">Suicune used <strong>Toxic</strong>!<br></div><div class="battle-history"><small>Suicune's attack missed!</small><br></div><div class="spacer battle-history"><br></div><div class="battle-history">The opposing Snorlax used <strong>Curse</strong>!<br></div><div class="battle-history"><small>The opposing Snorlax's Speed fell!</small><br></div><div class="battle-history"><small>The opposing Snorlax's Attack rose!</small><br></div><div class="battle-history"><small>The opposing Snorlax's Defense rose!</small><br></div><div class="spacer battle-history"><br></div><div class="battle-history"><small>Suicune restored a little HP using its Leftovers!</small><br></div><div class="spacer battle-history"><br></div><h2 class="battle-history">Turn 16</h2><div class="chat message-error">Fear has 285 seconds left.</div><div class="chat message-error">Jimmy Turtwig has 150 seconds left.</div><div class="chat message-error">Fear has 270 seconds left.</div><div class="spacer battle-history"><br></div><div class="battle-history">Suicune, come back!<br></div><div class="battle-history">Go! <strong>Skarmory</strong>!<br></div><div class="spacer battle-history"><br></div><div class="battle-history">The opposing Snorlax used <strong>Double-Edge</strong>!<br></div><div class="battle-history"><small>It's not very effective...</small><br></div><div class="battle-history"><small>(Skarmory lost 28% of its health!)</small><br></div><div class="battle-history"><small>The opposing Snorlax was damaged by the recoil!</small><br></div><div class="spacer battle-history"><br></div><div class="battle-history"><small>Skarmory restored a little HP using its Leftovers!</small><br></div><div class="battle-history"><small>The opposing Snorlax restored a little HP using its Leftovers!</small><br></div><div class="spacer battle-history"><br></div><h2 class="battle-history">Turn 17</h2><div class="chat message-error">Jimmy Turtwig has 150 seconds left.</div><div class="chat message-error">Fear has 270 seconds left.</div><div class="spacer battle-history"><br></div><div class="battle-history">Skarmory, come back!<br></div><div class="battle-history">Go! <strong>Tyranitar</strong>!<br></div><div class="battle-history"><small>Tyranitar was hurt by the spikes!</small><br></div><div class="spacer battle-history"><br></div><div class="battle-history">The opposing Snorlax used <strong>Lovely Kiss</strong>!<br></div><div class="battle-history"><small>Tyranitar fell asleep!</small><br></div><div class="spacer battle-history"><br></div><div class="battle-history"><small>Tyranitar restored a little HP using its Leftovers!</small><br></div><div class="spacer battle-history"><br></div><h2 class="battle-history">Turn 18</h2><div class="chat message-error">Jimmy Turtwig has 150 seconds left.</div><div class="chat message-error">Fear has 270 seconds left.</div><div class="spacer battle-history"><br></div><div class="battle-history">Tyranitar, come back!<br></div><div class="battle-history">Go! <strong>Skarmory</strong>!<br></div><div class="spacer battle-history"><br></div><div class="battle-history">Fear withdrew Snorlax!<br></div><div class="battle-history">Fear sent out <strong>Zapdos</strong>!<br></div><div class="spacer battle-history"><br></div><div class="battle-history"><small>The opposing Zapdos restored a little HP using its Leftovers!</small><br></div><div class="battle-history"><small>Skarmory restored a little HP using its Leftovers!</small><br></div><div class="spacer battle-history"><br></div><h2 class="battle-history">Turn 19</h2><div class="chat message-error">Jimmy Turtwig has 150 seconds left.</div><div class="spacer battle-history"><br></div><div class="battle-history">Skarmory, come back!<br></div><div class="battle-history">Go! <strong>Snorlax</strong>!<br></div><div class="battle-history"><small>Snorlax was hurt by the spikes!</small><br></div><div class="spacer battle-history"><br></div><div class="battle-history">The opposing Zapdos used <strong>Thunderbolt</strong>!<br></div><div class="battle-history"><small>(Snorlax lost 22% of its health!)</small><br></div><div class="spacer battle-history"><br></div><div class="battle-history"><small>The opposing Zapdos restored a little HP using its Leftovers!</small><br></div><div class="battle-history"><small>Snorlax restored a little HP using its Leftovers!</small><br></div><div class="spacer battle-history"><br></div><h2 class="battle-history">Turn 20</h2><div class="chat message-error">Jimmy Turtwig has 150 seconds left.</div><div class="spacer battle-history"><br></div><div class="battle-history">The opposing Zapdos used <strong>Thunderbolt</strong>!<br></div><div class="battle-history"><small>(Snorlax lost 23% of its health!)</small><br></div><div class="spacer battle-history"><br></div><div class="battle-history">Snorlax used <strong>Return</strong>!<br></div><div class="battle-history"><small>(The opposing Zapdos lost 36% of its health!)</small><br></div><div class="spacer battle-history"><br></div><div class="battle-history"><small>The opposing Zapdos restored a little HP using its Leftovers!</small><br></div><div class="battle-history"><small>Snorlax restored a little HP using its Leftovers!</small><br></div><div class="spacer battle-history"><br></div><h2 class="battle-history">Turn 21</h2><div class="chat message-error">Jimmy Turtwig has 150 seconds left.</div><div class="spacer battle-history"><br></div><div class="battle-history">Fear withdrew Zapdos!<br></div><div class="battle-history">Fear sent out <strong>Machamp</strong>!<br></div><div class="spacer battle-history"><br></div><div class="battle-history">Snorlax used <strong>Lovely Kiss</strong>!<br></div><div class="battle-history"><small>The opposing Machamp fell asleep!</small><br></div><div class="spacer battle-history"><br></div><div class="battle-history"><small>Snorlax restored a little HP using its Leftovers!</small><br></div><div class="spacer battle-history"><br></div><h2 class="battle-history">Turn 22</h2><div class="chat message-error">Jimmy Turtwig has 150 seconds left.</div><div class="chat message-error">Fear has 285 seconds left.</div><div class="chat message-error">Jimmy Turtwig has 135 seconds left.</div><div class="chat message-error">Jimmy Turtwig has 120 seconds left.</div><div class="spacer battle-history"><br></div><div class="battle-history">Fear withdrew Machamp!<br></div><div class="battle-history">Fear sent out <strong>Tyranitar</strong>!<br></div><div class="spacer battle-history"><br></div><div class="battle-history">Snorlax, come back!<br></div><div class="battle-history">Go! <strong>Suicune</strong>!<br></div><div class="battle-history"><small>Suicune was hurt by the spikes!</small><br></div><div class="spacer battle-history"><br></div><div class="battle-history"><small>Suicune restored a little HP using its Leftovers!</small><br></div><div class="spacer battle-history"><br></div><h2 class="battle-history">Turn 23</h2><div class="chat message-error">Jimmy Turtwig has 120 seconds left.</div><div class="chat message-error">Fear has 285 seconds left.</div><div class="chat message-error">Jimmy Turtwig has 105 seconds left.</div><div class="chat message-error">Jimmy Turtwig has 90 seconds left.</div><div class="spacer battle-history"><br></div><div class="battle-history">Fear withdrew Tyranitar!<br></div><div class="battle-history">Fear sent out <strong>Snorlax</strong>!<br></div><div class="spacer battle-history"><br></div><div class="battle-history">Suicune used <strong>Toxic</strong>!<br></div><div class="battle-history"><small>The opposing Snorlax was badly poisoned!</small><br></div><div class="spacer battle-history"><br></div><div class="battle-history"><small>Suicune restored a little HP using its Leftovers!</small><br></div><div class="spacer battle-history"><br></div><h2 class="battle-history">Turn 24</h2><div class="chat message-error">Jimmy Turtwig has 90 seconds left.</div><div class="chat message-error">Fear has 285 seconds left.</div><div class="chat message-error">Jimmy Turtwig has 75 seconds left.</div><div class="spacer battle-history"><br></div><div class="battle-history">Fear withdrew Snorlax!<br></div><div class="battle-history">Fear sent out <strong>Zapdos</strong>!<br></div><div class="spacer battle-history"><br></div><div class="battle-history">Suicune used <strong>Surf</strong>!<br></div><div class="battle-history"><small>(The opposing Zapdos lost 30% of its health!)</small><br></div><div class="spacer battle-history"><br></div><div class="battle-history"><small>The opposing Zapdos restored a little HP using its Leftovers!</small><br></div><div class="battle-history"><small>Suicune restored a little HP using its Leftovers!</small><br></div><div class="spacer battle-history"><br></div><h2 class="battle-history">Turn 25</h2><div class="chat message-error">Jimmy Turtwig has 60 seconds left.</div><div class="spacer battle-history"><br></div><div class="battle-history">Suicune, come back!<br></div><div class="battle-history">Go! <strong>Raikou</strong>!<br></div><div class="battle-history"><small>Raikou was hurt by the spikes!</small><br></div><div class="spacer battle-history"><br></div><div class="battle-history">The opposing Zapdos used <strong>Rest</strong>!<br></div><div class="battle-history"><small>The opposing Zapdos fell asleep!</small><br></div><div class="battle-history"><small>The opposing Zapdos slept and became healthy!</small><br></div><div class="spacer battle-history"><br></div><h2 class="battle-history">Turn 26</h2><div class="chat message-error">Fear has 285 seconds left.</div><div class="spacer battle-history"><br></div><div class="battle-history">Fear withdrew Zapdos!<br></div><div class="battle-history">Fear sent out <strong>Snorlax</strong>!<br></div><div class="battle-history"><small>The opposing Snorlax was poisoned!</small><br></div><div class="battle-history"><small>The opposing Snorlax was hurt by poison!</small><br></div><div class="spacer battle-history"><br></div><div class="battle-history">Raikou is fast asleep.<br></div><div class="spacer battle-history"><br></div><div class="battle-history"><small>The opposing Snorlax restored a little HP using its Leftovers!</small><br></div><div class="spacer battle-history"><br></div><h2 class="battle-history">Turn 27</h2><div class="chat message-error">Jimmy Turtwig has 60 seconds left.</div><div class="spacer battle-history"><br></div><div class="battle-history">Fear withdrew Snorlax!<br></div><div class="battle-history">Fear sent out <strong>Nidoking</strong>!<br></div><div class="spacer battle-history"><br></div><div class="battle-history">Raikou is fast asleep.<br></div><div class="spacer battle-history"><br></div><div class="battle-history"><small>The opposing Nidoking restored a little HP using its Leftovers!</small><br></div><div class="spacer battle-history"><br></div><h2 class="battle-history">Turn 28</h2><div class="chat message-error">Jimmy Turtwig has 60 seconds left.</div><div class="spacer battle-history"><br></div><div class="battle-history">Raikou, come back!<br></div><div class="battle-history">Go! <strong>Suicune</strong>!<br></div><div class="battle-history"><small>Suicune was hurt by the spikes!</small><br></div><div class="spacer battle-history"><br></div><div class="battle-history">The opposing Nidoking used <strong>Earthquake</strong>!<br></div><div class="battle-history"><small>(Suicune lost 26% of its health!)</small><br></div><div class="spacer battle-history"><br></div><div class="battle-history"><small>The opposing Nidoking restored a little HP using its Leftovers!</small><br></div><div class="battle-history"><small>Suicune restored a little HP using its Leftovers!</small><br></div><div class="spacer battle-history"><br></div><h2 class="battle-history">Turn 29</h2><div class="chat message-error">Fear has 285 seconds left.</div><div class="chat message-error">Jimmy Turtwig has 45 seconds left.</div><div class="chat message-error">Fear has 270 seconds left.</div><div class="chat message-error">Jimmy Turtwig has 30 seconds left.</div><div class="spacer battle-history"><br></div><div class="battle-history">Fear withdrew Nidoking!<br></div><div class="battle-history">Fear sent out <strong>Zapdos</strong>!<br></div><div class="spacer battle-history"><br></div><div class="battle-history">Suicune, come back!<br></div><div class="battle-history">Go! <strong>Forretress</strong>!<br></div><div class="battle-history"><small>Forretress was hurt by the spikes!</small><br></div><div class="spacer battle-history"><br></div><div class="battle-history"><small>Forretress restored a little HP using its Leftovers!</small><br></div><div class="spacer battle-history"><br></div><h2 class="battle-history">Turn 30</h2><div class="chat message-error">Jimmy Turtwig has 30 seconds left.</div><div class="spacer battle-history"><br></div><div class="battle-history">The opposing Zapdos is fast asleep.<br></div><div class="spacer battle-history"><br></div><div class="battle-history">The opposing Zapdos used <strong>Sleep Talk</strong>!<br></div><div class="spacer battle-history"><br></div><div class="battle-history">The opposing Zapdos used <strong>Hidden Power</strong>!<br></div><div class="battle-history"><small>It's not very effective...</small><br></div><div class="battle-history"><small>(Forretress lost 13% of its health!)</small><br></div><div class="spacer battle-history"><br></div><div class="battle-history">Forretress used <strong>Rapid Spin</strong>!<br></div><div class="battle-history"><small>(The opposing Zapdos lost 4% of its health!)</small><br></div><div class="battle-history"><small>The spikes disappeared from the ground around your team!</small><br></div><div class="spacer battle-history"><br></div><div class="battle-history"><small>The opposing Zapdos restored a little HP using its Leftovers!</small><br></div><div class="battle-history"><small>Forretress restored a little HP using its Leftovers!</small><br></div><div class="spacer battle-history"><br></div><h2 class="battle-history">Turn 31</h2><div class="chat message-error">Jimmy Turtwig has 30 seconds left.</div><div class="chat message-error">Fear has 270 seconds left.</div><div class="spacer battle-history"><br></div><div class="battle-history">Forretress, come back!<br></div><div class="battle-history">Go! <strong>Raikou</strong>!<br></div><div class="spacer battle-history"><br></div><div class="battle-history">The opposing Zapdos is fast asleep.<br></div><div class="spacer battle-history"><br></div><div class="battle-history">The opposing Zapdos used <strong>Sleep Talk</strong>!<br></div><div class="spacer battle-history"><br></div><div class="battle-history">The opposing Zapdos used <strong>Thunderbolt</strong>!<br></div><div class="battle-history"><small>It's not very effective...</small><br></div><div class="battle-history"><small>(Raikou lost 15% of its health!)</small><br></div><div class="spacer battle-history"><br></div><h2 class="battle-history">Turn 32</h2><div class="chat message-error">Fear has 270 seconds left.</div><div class="chat message-error">Fear has 255 seconds left.</div><div class="chat message-error">Fear has 240 seconds left.</div><div class="spacer battle-history"><br></div><div class="battle-history">Fear withdrew Zapdos!<br></div><div class="battle-history">Fear sent out <strong>Snorlax</strong>!<br></div><div class="battle-history"><small>The opposing Snorlax was hurt by poison!</small><br></div><div class="battle-history"><small>Raikou woke up!</small><br></div><div class="spacer battle-history"><br></div><div class="battle-history">Raikou used <strong>Hidden Power</strong>!<br></div><div class="battle-history"><small>(The opposing Snorlax lost 11% of its health!)</small><br></div><div class="spacer battle-history"><br></div><div class="battle-history"><small>The opposing Snorlax restored a little HP using its Leftovers!</small><br></div><div class="spacer battle-history"><br></div><h2 class="battle-history">Turn 33</h2><div class="chat message-error">Fear has 240 seconds left.</div><div class="chat message-error">Jimmy Turtwig has 30 seconds left.</div><div class="chat message-error">Jimmy Turtwig has 20 seconds left.</div><div class="spacer battle-history"><br></div><div class="battle-history">Raikou, come back!<br></div><div class="battle-history">Go! <strong>Skarmory</strong>!<br></div><div class="spacer battle-history"><br></div><div class="battle-history">The opposing Snorlax used <strong>Double-Edge</strong>!<br></div><div class="battle-history"><small>It's not very effective...</small><br></div><div class="battle-history"><small>(Skarmory lost 16% of its health!)</small><br></div><div class="battle-history"><small>The opposing Snorlax was damaged by the recoil!</small><br></div><div class="battle-history"><small>The opposing Snorlax was hurt by poison!</small><br></div><div class="spacer battle-history"><br></div><div class="battle-history"><small>Skarmory restored a little HP using its Leftovers!</small><br></div><div class="battle-history"><small>The opposing Snorlax restored a little HP using its Leftovers!</small><br></div><div class="spacer battle-history"><br></div><h2 class="battle-history">Turn 34</h2><div class="chat message-error">Jimmy Turtwig has 20 seconds left.</div><div class="spacer battle-history"><br></div><div class="battle-history">Skarmory, come back!<br></div><div class="battle-history">Go! <strong>Forretress</strong>!<br></div><div class="spacer battle-history"><br></div><div class="battle-history">The opposing Snorlax used <strong>Rest</strong>!<br></div><div class="battle-history"><small>The opposing Snorlax fell asleep!</small><br></div><div class="battle-history"><small>The opposing Snorlax slept and became healthy!</small><br></div><div class="spacer battle-history"><br></div><div class="battle-history"><small>Forretress restored a little HP using its Leftovers!</small><br></div><div class="spacer battle-history"><br></div><h2 class="battle-history">Turn 35</h2><div class="spacer battle-history"><br></div><div class="battle-history">Forretress used <strong>Spikes</strong>!<br></div><div class="battle-history"><small>Spikes were scattered on the ground all around the opposing team!</small><br></div><div class="spacer battle-history"><br></div><div class="battle-history">The opposing Snorlax is fast asleep.<br></div><div class="spacer battle-history"><br></div><div class="battle-history"><small>Forretress restored a little HP using its Leftovers!</small><br></div><div class="spacer battle-history"><br></div><h2 class="battle-history">Turn 36</h2><div class="chat message-error">Jimmy Turtwig has 30 seconds left.</div><div class="chat message-error">Fear has 240 seconds left.</div><div class="spacer battle-history"><br></div><div class="battle-history">Forretress, come back!<br></div><div class="battle-history">Go! <strong>Skarmory</strong>!<br></div><div class="spacer battle-history"><br></div><div class="battle-history">The opposing Snorlax is fast asleep.<br></div><div class="spacer battle-history"><br></div><div class="battle-history"><small>Skarmory restored a little HP using its Leftovers!</small><br></div><div class="spacer battle-history"><br></div><h2 class="battle-history">Turn 37</h2><div class="chat message-error">Jimmy Turtwig has 30 seconds left.</div><div class="spacer battle-history"><br></div><div class="battle-history">Fear withdrew Snorlax!<br></div><div class="battle-history">Fear sent out <strong>Zapdos</strong>!<br></div><div class="spacer battle-history"><br></div><div class="battle-history">Skarmory used <strong>Drill Peck</strong>!<br></div><div class="battle-history"><small>It's not very effective...</small><br></div><div class="battle-history"><small>(The opposing Zapdos lost 12% of its health!)</small><br></div><div class="spacer battle-history"><br></div><div class="battle-history"><small>The opposing Zapdos restored a little HP using its Leftovers!</small><br></div><div class="battle-history"><small>Skarmory restored a little HP using its Leftovers!</small><br></div><div class="spacer battle-history"><br></div><h2 class="battle-history">Turn 38</h2><div class="chat message-error">Jimmy Turtwig has 30 seconds left.</div><div class="spacer battle-history"><br></div><div class="battle-history">Skarmory, come back!<br></div><div class="battle-history">Go! <strong>Snorlax</strong>!<br></div><div class="battle-history"><small>The opposing Zapdos woke up!</small><br></div><div class="spacer battle-history"><br></div><div class="battle-history">The opposing Zapdos used <strong>Thunderbolt</strong>!<br></div><div class="battle-history"><small>(Snorlax lost 23% of its health!)</small><br></div><div class="battle-history"><small>Snorlax is paralyzed! It may be unable to move!</small><br></div><div class="spacer battle-history"><br></div><div class="battle-history"><small>The opposing Zapdos restored a little HP using its Leftovers!</small><br></div><div class="battle-history"><small>Snorlax restored a little HP using its Leftovers!</small><br></div><div class="spacer battle-history"><br></div><h2 class="battle-history">Turn 39</h2><div class="chat message-error">Jimmy Turtwig has 30 seconds left.</div><div class="chat message-error">Jimmy Turtwig has 20 seconds left.</div><div class="chat message-error">Fear has 240 seconds left.</div><div class="chat message-error">Jimmy Turtwig has 15 seconds left.</div><div class="chat message-error">Jimmy Turtwig has 10 seconds left.</div><div class="chat message-error">Fear has 225 seconds left.</div><div class="spacer battle-history"><br></div><div class="battle-history">Fear withdrew Zapdos!<br></div><div class="battle-history">Fear sent out <strong>Forretress</strong>!<br></div><div class="battle-history"><small>The opposing Forretress was hurt by the spikes!</small><br></div><div class="spacer battle-history"><br></div><div class="battle-history">Snorlax used <strong>Rest</strong>!<br></div><div class="battle-history"><small>Snorlax fell asleep!</small><br></div><div class="battle-history"><small>Snorlax slept and became healthy!</small><br></div><div class="spacer battle-history"><br></div><div class="battle-history"><small>The opposing Forretress restored a little HP using its Leftovers!</small><br></div><div class="spacer battle-history"><br></div><h2 class="battle-history">Turn 40</h2><div class="chat message-error">Jimmy Turtwig has 15 seconds left.</div><div class="chat message-error">Jimmy Turtwig has 10 seconds left.</div><div class="chat message-error">Jimmy Turtwig has 5 seconds left.</div><div class="chat message-error">Fear has 210 seconds left.</div><div class="spacer battle-history"><br></div><div class="battle-history">Snorlax, come back!<br></div><div class="battle-history">Go! <strong>Raikou</strong>!<br></div><div class="spacer battle-history"><br></div><div class="battle-history">The opposing Forretress used <strong>Rapid Spin</strong>!<br></div><div class="battle-history"><small>(Raikou lost 5% of its health!)</small><br></div><div class="battle-history"><small>The spikes disappeared from the ground around the opposing team!</small><br></div><div class="spacer battle-history"><br></div><div class="battle-history"><small>The opposing Forretress restored a little HP using its Leftovers!</small><br></div><div class="spacer battle-history"><br></div><h2 class="battle-history">Turn 41</h2><div class="chat message-error">Jimmy Turtwig has 10 seconds left.</div><div class="chat message-error">Fear has 210 seconds left.</div><div class="chat chatmessage-jimmyturtwig"><strong style="color:#9945d2"><small>☆</small><span class="username" data-name="Jimmy Turtwig">Jimmy Turtwig</span>:</strong> <em>think im lagging a bit</em></div><div class="spacer battle-history"><br></div><div class="battle-history">Fear withdrew Forretress!<br></div><div class="battle-history">Fear sent out <strong>Snorlax</strong>!<br></div><div class="spacer battle-history"><br></div><div class="battle-history">Raikou used <strong>Hidden Power</strong>!<br></div><div class="battle-history"><small>(The opposing Snorlax lost 10% of its health!)</small><br></div><div class="spacer battle-history"><br></div><div class="battle-history"><small>The opposing Snorlax restored a little HP using its Leftovers!</small><br></div><div class="spacer battle-history"><br></div><h2 class="battle-history">Turn 42</h2><div class="chat message-error">Jimmy Turtwig has 15 seconds left.</div><div class="spacer battle-history"><br></div><div class="battle-history">Raikou, come back!<br></div><div class="battle-history">Go! <strong>Forretress</strong>!<br></div><div class="battle-history"><small>The opposing Snorlax woke up!</small><br></div><div class="spacer battle-history"><br></div><div class="battle-history">The opposing Snorlax used <strong>Double-Edge</strong>!<br></div><div class="battle-history"><small>It's not very effective...</small><br></div><div class="battle-history"><small>(Forretress lost 19% of its health!)</small><br></div><div class="battle-history"><small>The opposing Snorlax was damaged by the recoil!</small><br></div><div class="spacer battle-history"><br></div><div class="battle-history"><small>Forretress restored a little HP using its Leftovers!</small><br></div><div class="battle-history"><small>The opposing Snorlax restored a little HP using its Leftovers!</small><br></div><div class="spacer battle-history"><br></div><h2 class="battle-history">Turn 43</h2><div class="chat message-error">Jimmy Turtwig has 20 seconds left.</div><div class="chat message-error">Fear has 210 seconds left.</div><div class="spacer battle-history"><br></div><div class="battle-history">Fear withdrew Snorlax!<br></div><div class="battle-history">Fear sent out <strong>Tyranitar</strong>!<br></div><div class="spacer battle-history"><br></div><div class="battle-history">Forretress used <strong>Spikes</strong>!<br></div><div class="battle-history"><small>Spikes were scattered on the ground all around the opposing team!</small><br></div><div class="spacer battle-history"><br></div><div class="battle-history"><small>Forretress restored a little HP using its Leftovers!</small><br></div><div class="spacer battle-history"><br></div><h2 class="battle-history">Turn 44</h2><div class="chat message-error">Fear has 210 seconds left.</div><div class="spacer battle-history"><br></div><div class="battle-history"><small>(Forretress is being withdrawn...)</small><br></div><div class="spacer battle-history"><br></div><div class="battle-history">The opposing Tyranitar used <strong>Pursuit</strong>!<br></div><div class="battle-history"><small>It's not very effective...</small><br></div><div class="battle-history"><small>(Forretress lost 20% of its health!)</small><br></div><div class="spacer battle-history"><br></div><div class="battle-history">Forretress, come back!<br></div><div class="battle-history">Go! <strong>Suicune</strong>!<br></div><div class="spacer battle-history"><br></div><div class="battle-history"><small>Suicune restored a little HP using its Leftovers!</small><br></div><div class="spacer battle-history"><br></div><h2 class="battle-history">Turn 45</h2><div class="chat message-error">Jimmy Turtwig has 30 seconds left.</div><div class="spacer battle-history"><br></div><div class="battle-history">Fear withdrew Tyranitar!<br></div><div class="battle-history">Fear sent out <strong>Zapdos</strong>!<br></div><div class="spacer battle-history"><br></div><div class="battle-history">Suicune used <strong>Surf</strong>!<br></div><div class="battle-history"><small>(The opposing Zapdos lost 30% of its health!)</small><br></div><div class="spacer battle-history"><br></div><div class="battle-history"><small>The opposing Zapdos restored a little HP using its Leftovers!</small><br></div><div class="battle-history"><small>Suicune restored a little HP using its Leftovers!</small><br></div><div class="spacer battle-history"><br></div><h2 class="battle-history">Turn 46</h2><div class="spacer battle-history"><br></div><div class="battle-history">Suicune, come back!<br></div><div class="battle-history">Go! <strong>Raikou</strong>!<br></div><div class="spacer battle-history"><br></div><div class="battle-history">The opposing Zapdos used <strong>Thunderbolt</strong>!<br></div><div class="battle-history"><small>It's not very effective...</small><br></div><div class="battle-history"><small>(Raikou lost 16% of its health!)</small><br></div><div class="spacer battle-history"><br></div><div class="battle-history"><small>The opposing Zapdos restored a little HP using its Leftovers!</small><br></div><div class="spacer battle-history"><br></div><h2 class="battle-history">Turn 47</h2><div class="chat message-error">Fear has 225 seconds left.</div><div class="spacer battle-history"><br></div><div class="battle-history">Fear withdrew Zapdos!<br></div><div class="battle-history">Fear sent out <strong>Snorlax</strong>!<br></div><div class="battle-history"><small>The opposing Snorlax was hurt by the spikes!</small><br></div><div class="spacer battle-history"><br></div><div class="battle-history">Raikou used <strong>Roar</strong>!<br></div><div class="spacer battle-history"><br></div><div class="battle-history"><strong>Tyranitar</strong> was dragged out!<br></div><div class="battle-history"><small>The opposing Tyranitar was hurt by the spikes!</small><br></div><div class="spacer battle-history"><br></div><div class="battle-history"><small>The opposing Tyranitar restored a little HP using its Leftovers!</small><br></div><div class="spacer battle-history"><br></div><h2 class="battle-history">Turn 48</h2><div class="chat message-error">Jimmy Turtwig has 45 seconds left.</div><div class="chat message-error">Fear has 225 seconds left.</div><div class="spacer battle-history"><br></div><div class="battle-history">Raikou, come back!<br></div><div class="battle-history">Go! <strong>Suicune</strong>!<br></div><div class="spacer battle-history"><br></div><div class="battle-history">The opposing Tyranitar used <strong>Roar</strong>!<br></div><div class="spacer battle-history"><br></div><div class="battle-history"><strong>Raikou</strong> was dragged out!<br></div><div class="spacer battle-history"><br></div><div class="battle-history"><small>The opposing Tyranitar restored a little HP using its Leftovers!</small><br></div><div class="spacer battle-history"><br></div><h2 class="battle-history">Turn 49</h2><div class="spacer battle-history"><br></div><div class="battle-history">Raikou, come back!<br></div><div class="battle-history">Go! <strong>Suicune</strong>!<br></div><div class="spacer battle-history"><br></div><div class="battle-history">The opposing Tyranitar used <strong>Rock Slide</strong>!<br></div><div class="battle-history"><small>(Suicune lost 23% of its health!)</small><br></div><div class="spacer battle-history"><br></div><div class="battle-history"><small>Suicune restored a little HP using its Leftovers!</small><br></div><div class="spacer battle-history"><br></div><h2 class="battle-history">Turn 50</h2><div class="spacer battle-history"><br></div><div class="battle-history">Fear withdrew Tyranitar!<br></div><div class="battle-history">Fear sent out <strong>Zapdos</strong>!<br></div><div class="spacer battle-history"><br></div><div class="battle-history">Suicune used <strong>Toxic</strong>!<br></div><div class="battle-history"><small>Suicune's attack missed!</small><br></div><div class="spacer battle-history"><br></div><div class="battle-history"><small>The opposing Zapdos restored a little HP using its Leftovers!</small><br></div><div class="battle-history"><small>Suicune restored a little HP using its Leftovers!</small><br></div><div class="spacer battle-history"><br></div><h2 class="battle-history">Turn 51</h2><div class="chat message-error">Jimmy Turtwig has 60 seconds left.</div><div class="chat message-error">Fear has 240 seconds left.</div><div class="spacer battle-history"><br></div><div class="battle-history">Suicune, come back!<br></div><div class="battle-history">Go! <strong>Snorlax</strong>!<br></div><div class="spacer battle-history"><br></div><div class="battle-history">The opposing Zapdos used <strong>Thunderbolt</strong>!<br></div><div class="battle-history"><small>(Snorlax lost 23% of its health!)</small><br></div><div class="spacer battle-history"><br></div><div class="battle-history"><small>The opposing Zapdos restored a little HP using its Leftovers!</small><br></div><div class="battle-history"><small>Snorlax restored a little HP using its Leftovers!</small><br></div><div class="spacer battle-history"><br></div><h2 class="battle-history">Turn 52</h2><div class="spacer battle-history"><br></div><div class="battle-history">Snorlax, come back!<br></div><div class="battle-history">Go! <strong>Raikou</strong>!<br></div><div class="spacer battle-history"><br></div><div class="battle-history">The opposing Zapdos used <strong>Thunderbolt</strong>!<br></div><div class="battle-history"><small>It's not very effective...</small><br></div><div class="battle-history"><small>(Raikou lost 17% of its health!)</small><br></div><div class="spacer battle-history"><br></div><div class="battle-history"><small>The opposing Zapdos restored a little HP using its Leftovers!</small><br></div><div class="spacer battle-history"><br></div><h2 class="battle-history">Turn 53</h2><div class="chat message-error">Jimmy Turtwig has 75 seconds left.</div><div class="spacer battle-history"><br></div><div class="battle-history">Fear withdrew Zapdos!<br></div><div class="battle-history">Fear sent out <strong>Snorlax</strong>!<br></div><div class="battle-history"><small>The opposing Snorlax was hurt by the spikes!</small><br></div><div class="spacer battle-history"><br></div><div class="battle-history">Raikou used <strong>Thunder</strong>!<br></div><div class="battle-history"><small>A critical hit!</small><br></div><div class="battle-history"><small>(The opposing Snorlax lost 50% of its health!)</small><br></div><div class="spacer battle-history"><br></div><div class="battle-history"><small>The opposing Snorlax restored a little HP using its Leftovers!</small><br></div><div class="spacer battle-history"><br></div><h2 class="battle-history">Turn 54</h2><div class="chat message-error">Jimmy Turtwig has 75 seconds left.</div><div class="chat message-error">Fear has 255 seconds left.</div><div class="spacer battle-history"><br></div><div class="battle-history">Raikou, come back!<br></div><div class="battle-history">Go! <strong>Skarmory</strong>!<br></div><div class="spacer battle-history"><br></div><div class="battle-history">The opposing Snorlax used <strong>Rest</strong>!<br></div><div class="battle-history"><small>The opposing Snorlax fell asleep!</small><br></div><div class="battle-history"><small>The opposing Snorlax slept and became healthy!</small><br></div><div class="spacer battle-history"><br></div><div class="battle-history"><small>Skarmory restored a little HP using its Leftovers!</small><br></div><div class="spacer battle-history"><br></div><h2 class="battle-history">Turn 55</h2><div class="chat message-error">Jimmy Turtwig has 75 seconds left.</div><div class="spacer battle-history"><br></div><div class="battle-history">Skarmory, come back!<br></div><div class="battle-history">Go! <strong>Forretress</strong>!<br></div><div class="spacer battle-history"><br></div><div class="battle-history">Fear withdrew Snorlax!<br></div><div class="battle-history">Fear sent out <strong>Zapdos</strong>!<br></div><div class="spacer battle-history"><br></div><div class="battle-history"><small>The opposing Zapdos restored a little HP using its Leftovers!</small><br></div><div class="battle-history"><small>Forretress restored a little HP using its Leftovers!</small><br></div><div class="spacer battle-history"><br></div><h2 class="battle-history">Turn 56</h2><div class="chat message-error">Jimmy Turtwig has 75 seconds left.</div><div class="chat message-error">Fear has 255 seconds left.</div><div class="spacer battle-history"><br></div><div class="battle-history">Forretress, come back!<br></div><div class="battle-history">Go! <strong>Snorlax</strong>!<br></div><div class="spacer battle-history"><br></div><div class="battle-history">The opposing Zapdos used <strong>Thunderbolt</strong>!<br></div><div class="battle-history"><small>(Snorlax lost 24% of its health!)</small><br></div><div class="spacer battle-history"><br></div><div class="battle-history"><small>Snorlax restored a little HP using its Leftovers!</small><br></div><div class="spacer battle-history"><br></div><h2 class="battle-history">Turn 57</h2><div class="chat message-error">Jimmy Turtwig has 75 seconds left.</div><div class="chat message-error">Fear has 255 seconds left.</div><div class="spacer battle-history"><br></div><div class="battle-history">The opposing Zapdos used <strong>Thunderbolt</strong>!<br></div><div class="battle-history"><small>A critical hit!</small><br></div><div class="battle-history"><small>(Snorlax lost 46% of its health!)</small><br></div><div class="spacer battle-history"><br></div><div class="battle-history">Snorlax is fast asleep.<br></div><div class="spacer battle-history"><br></div><div class="battle-history"><small>Snorlax restored a little HP using its Leftovers!</small><br></div><div class="spacer battle-history"><br></div><h2 class="battle-history">Turn 58</h2><div class="chat message-error">Fear has 255 seconds left.</div><div class="spacer battle-history"><br></div><div class="battle-history">Snorlax, come back!<br></div><div class="battle-history">Go! <strong>Raikou</strong>!<br></div><div class="spacer battle-history"><br></div><div class="battle-history">The opposing Zapdos used <strong>Thunderbolt</strong>!<br></div><div class="battle-history"><small>It's not very effective...</small><br></div><div class="battle-history"><small>(Raikou lost 18% of its health!)</small><br></div><div class="spacer battle-history"><br></div><h2 class="battle-history">Turn 59</h2><div class="chat message-error">Fear has 255 seconds left.</div><div class="spacer battle-history"><br></div><div class="battle-history">Fear withdrew Zapdos!<br></div><div class="battle-history">Fear sent out <strong>Tyranitar</strong>!<br></div><div class="battle-history"><small>The opposing Tyranitar was hurt by the spikes!</small><br></div><div class="spacer battle-history"><br></div><div class="battle-history">Raikou used <strong>Rest</strong>!<br></div><div class="battle-history"><small>Raikou fell asleep!</small><br></div><div class="battle-history"><small>Raikou slept and became healthy!</small><br></div><div class="spacer battle-history"><br></div><div class="battle-history"><small>The opposing Tyranitar restored a little HP using its Leftovers!</small><br></div><div class="spacer battle-history"><br></div><h2 class="battle-history">Turn 60</h2><div class="chat message-error">Fear has 255 seconds left.</div><div class="spacer battle-history"><br></div><div class="battle-history">Raikou is fast asleep.<br></div><div class="spacer battle-history"><br></div><div class="battle-history">The opposing Tyranitar used <strong>Pursuit</strong>!<br></div><div class="battle-history"><small>(Raikou lost 12% of its health!)</small><br></div><div class="spacer battle-history"><br></div><div class="battle-history"><small>The opposing Tyranitar restored a little HP using its Leftovers!</small><br></div><div class="spacer battle-history"><br></div><h2 class="battle-history">Turn 61</h2><div class="chat message-error">Jimmy Turtwig has 90 seconds left.</div><div class="spacer battle-history"><br></div><div class="battle-history"><small>(Raikou is being withdrawn...)</small><br></div><div class="spacer battle-history"><br></div><div class="battle-history">The opposing Tyranitar used <strong>Pursuit</strong>!<br></div><div class="battle-history"><small>(Raikou lost 24% of its health!)</small><br></div><div class="spacer battle-history"><br></div><div class="battle-history">Raikou, come back!<br></div><div class="battle-history">Go! <strong>Suicune</strong>!<br></div><div class="spacer battle-history"><br></div><div class="battle-history"><small>Suicune restored a little HP using its Leftovers!</small><br></div><div class="spacer battle-history"><br></div><h2 class="battle-history">Turn 62</h2><div class="chat message-error">Jimmy Turtwig has 90 seconds left.</div><div class="spacer battle-history"><br></div><div class="battle-history">Suicune, come back!<br></div><div class="battle-history">Go! <strong>Raikou</strong>!<br></div><div class="spacer battle-history"><br></div><div class="battle-history">Fear withdrew Tyranitar!<br></div><div class="battle-history">Fear sent out <strong>Zapdos</strong>!<br></div><div class="spacer battle-history"><br></div><h2 class="battle-history">Turn 63</h2><div class="spacer battle-history"><br></div><div class="battle-history">Fear withdrew Zapdos!<br></div><div class="battle-history">Fear sent out <strong>Forretress</strong>!<br></div><div class="battle-history"><small>The opposing Forretress was hurt by the spikes!</small><br></div><div class="spacer battle-history"><br></div><div class="battle-history">Raikou is fast asleep.<br></div><div class="spacer battle-history"><br></div><div class="battle-history"><small>The opposing Forretress restored a little HP using its Leftovers!</small><br></div><div class="spacer battle-history"><br></div><h2 class="battle-history">Turn 64</h2><div class="chat message-error">Fear has 270 seconds left.</div><div class="spacer battle-history"><br></div><div class="battle-history">Fear withdrew Forretress!<br></div><div class="battle-history">Fear sent out <strong>Nidoking</strong>!<br></div><div class="battle-history"><small>The opposing Nidoking was hurt by the spikes!</small><br></div><div class="battle-history"><small>Raikou woke up!</small><br></div><div class="spacer battle-history"><br></div><div class="battle-history">Raikou used <strong>Thunder</strong>!<br></div><div class="battle-history"><small>It doesn't affect the opposing Nidoking...</small><br></div><div class="spacer battle-history"><br></div><div class="battle-history"><small>The opposing Nidoking restored a little HP using its Leftovers!</small><br></div><div class="spacer battle-history"><br></div><h2 class="battle-history">Turn 65</h2><div class="spacer battle-history"><br></div><div class="battle-history">Raikou, come back!<br></div><div class="battle-history">Go! <strong>Suicune</strong>!<br></div><div class="spacer battle-history"><br></div><div class="battle-history">The opposing Nidoking used <strong>Earthquake</strong>!<br></div><div class="battle-history"><small>(Suicune lost 26% of its health!)</small><br></div><div class="spacer battle-history"><br></div><div class="battle-history"><small>Suicune restored a little HP using its Leftovers!</small><br></div><div class="battle-history"><small>The opposing Nidoking restored a little HP using its Leftovers!</small><br></div><div class="spacer battle-history"><br></div><h2 class="battle-history">Turn 66</h2><div class="chat message-error">Jimmy Turtwig has 105 seconds left.</div><div class="chat message-error">Jimmy Turtwig has 90 seconds left.</div><div class="chat message-error">Fear has 270 seconds left.</div><div class="spacer battle-history"><br></div><div class="battle-history">Suicune, come back!<br></div><div class="battle-history">Go! <strong>Raikou</strong>!<br></div><div class="spacer battle-history"><br></div><div class="battle-history">The opposing Nidoking used <strong>Earthquake</strong>!<br></div><div class="battle-history"><small>It's super effective!</small><br></div><div class="battle-history"><small>(Raikou lost 64% of its health!)</small><br></div><div class="spacer battle-history"><br></div><div class="battle-history">Raikou fainted!<br></div><div class="spacer battle-history"><br></div><div class="battle-history">Go! <strong>Suicune</strong>!<br></div><div class="spacer battle-history"><br></div><div class="battle-history"><small>Suicune restored a little HP using its Leftovers!</small><br></div><div class="battle-history"><small>The opposing Nidoking restored a little HP using its Leftovers!</small><br></div><div class="spacer battle-history"><br></div><h2 class="battle-history">Turn 67</h2><div class="chat message-error">Fear has 285 seconds left.</div><div class="spacer battle-history"><br></div><div class="battle-history">Suicune, come back!<br></div><div class="battle-history">Go! <strong>Snorlax</strong>!<br></div><div class="spacer battle-history"><br></div><div class="battle-history">The opposing Nidoking used <strong>Earthquake</strong>!<br></div><div class="battle-history"><small>A critical hit!</small><br></div><div class="battle-history"><small>(Snorlax lost 25% of its health!)</small><br></div><div class="spacer battle-history"><br></div><div class="battle-history">Snorlax fainted!<br></div><div class="spacer battle-history"><br></div><div class="battle-history">Go! <strong>Suicune</strong>!<br></div><div class="spacer battle-history"><br></div><div class="battle-history"><small>Suicune restored a little HP using its Leftovers!</small><br></div><div class="battle-history"><small>The opposing Nidoking restored a little HP using its Leftovers!</small><br></div><div class="spacer battle-history"><br></div><h2 class="battle-history">Turn 68</h2><div class="chat chatmessage-fear"><strong style="color:#99960b"><small>☆</small><span class="username" data-name="Fear">Fear</span>:</strong> <em>gg</em></div><div class="chat chatmessage-jimmyturtwig"><strong style="color:#9945d2"><small>☆</small><span class="username" data-name="Jimmy Turtwig">Jimmy Turtwig</span>:</strong> <em>yh gg</em></div><div class="spacer battle-history"><br></div><div class="battle-history">Fear withdrew Nidoking!<br></div><div class="battle-history">Fear sent out <strong>Zapdos</strong>!<br></div><div class="spacer battle-history"><br></div><div class="battle-history">Suicune used <strong>Surf</strong>!<br></div><div class="battle-history"><small>(The opposing Zapdos lost 28% of its health!)</small><br></div><div class="spacer battle-history"><br></div><div class="battle-history"><small>The opposing Zapdos restored a little HP using its Leftovers!</small><br></div><div class="battle-history"><small>Suicune restored a little HP using its Leftovers!</small><br></div><div class="spacer battle-history"><br></div><h2 class="battle-history">Turn 69</h2><div class="spacer battle-history"><br></div><div class="battle-history">Suicune, come back!<br></div><div class="battle-history">Go! <strong>Forretress</strong>!<br></div><div class="spacer battle-history"><br></div><div class="battle-history">The opposing Zapdos used <strong>Thunderbolt</strong>!<br></div><div class="battle-history"><small>(Forretress lost 18% of its health!)</small><br></div><div class="spacer battle-history"><br></div><div class="battle-history">Forretress fainted!<br></div><div class="spacer battle-history"><br></div><div class="battle-history">Go! <strong>Tyranitar</strong>!<br></div><div class="spacer battle-history"><br></div><div class="battle-history"><small>The opposing Zapdos restored a little HP using its Leftovers!</small><br></div><div class="battle-history"><small>Tyranitar restored a little HP using its Leftovers!</small><br></div><div class="spacer battle-history"><br></div><h2 class="battle-history">Turn 70</h2><div class="chat message-error">Fear has 285 seconds left.</div><div class="spacer battle-history"><br></div><div class="battle-history">The opposing Zapdos used <strong>Thunderbolt</strong>!<br></div><div class="battle-history"><small>(Tyranitar lost 30% of its health!)</small><br></div><div class="spacer battle-history"><br></div><div class="battle-history">Tyranitar is fast asleep.<br></div><div class="spacer battle-history"><br></div><div class="battle-history"><small>The opposing Zapdos restored a little HP using its Leftovers!</small><br></div><div class="battle-history"><small>Tyranitar restored a little HP using its Leftovers!</small><br></div><div class="spacer battle-history"><br></div><h2 class="battle-history">Turn 71</h2><div class="spacer battle-history"><br></div><div class="battle-history">The opposing Zapdos used <strong>Thunderbolt</strong>!<br></div><div class="battle-history"><small>A critical hit!</small><br></div><div class="battle-history"><small>(Tyranitar lost 60% of its health!)</small><br></div><div class="spacer battle-history"><br></div><div class="battle-history">Tyranitar is fast asleep.<br></div><div class="spacer battle-history"><br></div><div class="battle-history"><small>The opposing Zapdos restored a little HP using its Leftovers!</small><br></div><div class="battle-history"><small>Tyranitar restored a little HP using its Leftovers!</small><br></div><div class="spacer battle-history"><br></div><h2 class="battle-history">Turn 72</h2><div class="spacer battle-history"><br></div><div class="battle-history"><small>Jimmy Turtwig forfeited.</small><br></div><div class="spacer battle-history"><br></div><div class="battle-history"><strong>Fear</strong> won the battle!<br></div></div><div class="inner-preempt"></div></div></div>
</div>
<script>
let daily = Math.floor(Date.now()/1000/60/60/24);document.write('<script src="https://play.pokemonshowdown.com/js/replay-embed.js?version'+daily+'"></'+'script>');
</script>
