<!DOCTYPE html>
<meta charset="utf-8" />
<!-- version 1 -->
<title>[Gen 2] OU replay: hsa vs. THANOS BOOTY CLAP</title>
<style>
html,body {font-family:Verdana, sans-serif;font-size:10pt;margin:0;padding:0;}body{padding:12px 0;} .battle-log {font-family:Verdana, sans-serif;font-size:10pt;} .battle-log-inline {border:1px solid #AAAAAA;background:#EEF2F5;color:black;max-width:640px;margin:0 auto 80px;padding-bottom:5px;} .battle-log .inner {padding:4px 8px 0px 8px;} .battle-log .inner-preempt {padding:0 8px 4px 8px;} .battle-log .inner-after {margin-top:0.5em;} .battle-log h2 {margin:0.5em -8px;padding:4px 8px;border:1px solid #AAAAAA;background:#E0E7EA;border-left:0;border-right:0;font-family:Verdana, sans-serif;font-size:13pt;} .battle-log .chat {vertical-align:middle;padding:3px 0 3px 0;font-size:8pt;} .battle-log .chat strong {color:#40576A;} .battle-log .chat em {padding:1px 4px 1px 3px;color:#000000;font-style:normal;} .chat.mine {background:rgba(0,0,0,0.05);margin-left:-8px;margin-right:-8px;padding-left:8px;padding-right:8px;} .spoiler {color:#BBBBBB;background:#BBBBBB;padding:0px 3px;} .spoiler:hover, .spoiler:active, .spoiler-shown {color:#000000;background:#E2E2E2;padding:0px 3px;} .spoiler a {color:#BBBBBB;} .spoiler:hover a, .spoiler:active a, .spoiler-shown a {color:#2288CC;} .chat code, .chat .spoiler:hover code, .chat .spoiler:active code, .chat .spoiler-shown code {border:1px solid #C0C0C0;background:#EEEEEE;color:black;padding:0 2px;} .chat .spoiler code {border:1px solid #CCCCCC;background:#CCCCCC;color:#CCCCCC;} .battle-log .rated {padding:3px 4px;} .battle-log .rated strong {color:white;background:#89A;padding:1px 4px;border-radius:4px;} .spacer {margin-top:0.5em;} .message-announce {background:#6688AA;color:white;padding:1px 4px 2px;} .message-announce a, .broadcast-green a, .broadcast-blue a, .broadcast-red a {color:#DDEEFF;} .broadcast-green {background-color:#559955;color:white;padding:2px 4px;} .broadcast-blue {background-color:#6688AA;color:white;padding:2px 4px;} .infobox {border:1px solid #6688AA;padding:2px 4px;} .infobox-limited {max-height:200px;overflow:auto;overflow-x:hidden;} .broadcast-red {background-color:#AA5544;color:white;padding:2px 4px;} .message-learn-canlearn {font-weight:bold;color:#228822;text-decoration:underline;} .message-learn-cannotlearn {font-weight:bold;color:#CC2222;text-decoration:underline;} .message-effect-weak {font-weight:bold;color:#CC2222;} .message-effect-resist {font-weight:bold;color:#6688AA;} .message-effect-immune {font-weight:bold;color:#666666;} .message-learn-list {margin-top:0;margin-bottom:0;} .message-throttle-notice, .message-error {color:#992222;} .message-overflow, .chat small.message-overflow {font-size:0pt;} .message-overflow::before {font-size:9pt;content:'...';} .subtle {color:#3A4A66;}
</style>
<div class="wrapper replay-wrapper" style="max-width:1180px;margin:0 auto">
<input type="hidden" name="replayid" value="smogtours-gen2ou-424505" />
<div class="battle"></div><div class="battle-log"></div><div class="replay-controls"></div><div class="replay-controls-2"></div>
<h1 style="font-weight:normal;text-align:center"><strong>[Gen 2] OU</strong><br /><a href="http://pokemonshowdown.com/users/hsa" class="subtle" target="_blank">hsa</a> vs. <a href="http://pokemonshowdown.com/users/thanosbootyclap" class="subtle" target="_blank">THANOS BOOTY CLAP</a></h1>
<script type="text/plain" class="battle-log-data">|inactive|Battle timer is ON: inactive players will automatically lose when time's up.
|player|p1|hsa|1
|player|p2|THANOS BOOTY CLAP|21
|teamsize|p1|6
|teamsize|p2|6
|gametype|singles
|gen|2
|tier|[Gen 2] OU
|rule|Sleep Clause Mod: Limit one foe put to sleep
|rule|Freeze Clause Mod: Limit one foe frozen
|rule|Species Clause: Limit one of each Pokémon
|rule|OHKO Clause: OHKO moves are banned
|rule|Evasion Moves Clause: Evasion moves are banned
|rule|HP Percentage Mod: HP is shown in percentages
|
|start
|switch|p1a: Zapdos|Zapdos|100\/100
|switch|p2a: big T|Snorlax, M|100\/100
|turn|1
|c|☆hsa|hf
|raw|<div class="broadcast-red"><strong>Moderated chat was set to ☆!<\/strong><br \/>Only users of rank ☆ and higher can talk.<\/div>
|c|☆THANOS BOOTY CLAP|lmao we did it
|c|☆THANOS BOOTY CLAP|u2
|
|move|p1a: Zapdos|Thunder|p2a: big T|[miss]
|-miss|p1a: Zapdos
|move|p2a: big T|Curse|p2a: big T
|-unboost|p2a: big T|spe|1
|-boost|p2a: big T|atk|1
|-boost|p2a: big T|def|1
|
|upkeep
|turn|2
|
|switch|p1a: Umbreon|Umbreon, M|100\/100
|move|p2a: big T|Return|p1a: Umbreon
|-damage|p1a: Umbreon|51\/100
|
|-heal|p1a: Umbreon|57\/100|[from] item: Leftovers
|upkeep
|turn|3
|
|move|p1a: Umbreon|Charm|p2a: big T
|-unboost|p2a: big T|atk|2
|move|p2a: big T|Return|p1a: Umbreon
|-crit|p1a: Umbreon
|-damage|p1a: Umbreon|2\/100
|
|-heal|p1a: Umbreon|8\/100|[from] item: Leftovers
|upkeep
|turn|4
|
|switch|p2a: 3x(9-3)|Forretress, M|100\/100
|move|p1a: Umbreon|Rest|p1a: Umbreon
|-status|p1a: Umbreon|slp
|-heal|p1a: Umbreon|100\/100 slp|[silent]
|-status|p1a: Umbreon|slp|[from] move: Rest
|
|upkeep
|turn|5
|
|switch|p1a: Exeggutor|Exeggutor, M|100\/100
|move|p2a: 3x(9-3)|Spikes|p1a: Exeggutor
|-sidestart|p1: hsa|Spikes
|
|upkeep
|turn|6
|
|switch|p2a: big T|Snorlax, M|100\/100
|move|p1a: Exeggutor|Sleep Powder|p2a: big T
|-status|p2a: big T|slp
|
|upkeep
|turn|7
|
|switch|p2a: 3x(9-3)|Forretress, M|100\/100
|move|p1a: Exeggutor|Psychic|p2a: 3x(9-3)
|-resisted|p2a: 3x(9-3)
|-damage|p2a: 3x(9-3)|75\/100
|
|-heal|p2a: 3x(9-3)|81\/100|[from] item: Leftovers
|upkeep
|turn|8
|
|switch|p1a: Zapdos|Zapdos|100\/100
|switch|p2a: Deathcock|Suicune|100\/100
|
|upkeep
|turn|9
|
|switch|p1a: Cloyster|Cloyster, M|100\/100
|-damage|p1a: Cloyster|88\/100|[from] Spikes
|switch|p2a: UterusPiledriver|Piloswine, M|100\/100
|
|-heal|p1a: Cloyster|94\/100|[from] item: Leftovers
|upkeep
|turn|10
|c|☆hsa|not him again
|
|switch|p2a: Deathcock|Suicune|100\/100
|move|p1a: Cloyster|Spikes|p2a: Deathcock
|-sidestart|p2: THANOS BOOTY CLAP|Spikes
|
|-heal|p1a: Cloyster|99\/100|[from] item: Leftovers
|upkeep
|turn|11
|
|switch|p1a: Zapdos|Zapdos|100\/100
|move|p2a: Deathcock|Ice Beam|p1a: Zapdos
|-supereffective|p1a: Zapdos
|-damage|p1a: Zapdos|64\/100
|
|-heal|p1a: Zapdos|70\/100|[from] item: Leftovers
|upkeep
|turn|12
|c|☆THANOS BOOTY CLAP|test
|
|switch|p2a: UterusPiledriver|Piloswine, M|100\/100
|-damage|p2a: UterusPiledriver|88\/100|[from] Spikes
|move|p1a: Zapdos|Hidden Power|p2a: UterusPiledriver
|-damage|p2a: UterusPiledriver|65\/100
|
|-heal|p1a: Zapdos|76\/100|[from] item: Leftovers
|-heal|p2a: UterusPiledriver|71\/100|[from] item: Leftovers
|upkeep
|turn|13
|
|move|p1a: Zapdos|Hidden Power|p2a: UterusPiledriver
|-damage|p2a: UterusPiledriver|49\/100
|move|p2a: UterusPiledriver|Earthquake|p1a: Zapdos
|-immune|p1a: Zapdos
|
|-heal|p1a: Zapdos|82\/100|[from] item: Leftovers
|-heal|p2a: UterusPiledriver|55\/100|[from] item: Leftovers
|upkeep
|turn|14
|
|switch|p1a: Cloyster|Cloyster, M|99\/100
|-damage|p1a: Cloyster|88\/100|[from] Spikes
|move|p2a: UterusPiledriver|Rest|p2a: UterusPiledriver
|-status|p2a: UterusPiledriver|slp
|-heal|p2a: UterusPiledriver|100\/100 slp|[silent]
|-status|p2a: UterusPiledriver|slp|[from] move: Rest
|
|-heal|p1a: Cloyster|94\/100|[from] item: Leftovers
|upkeep
|turn|15
|
|switch|p2a: Deathcock|Suicune|100\/100
|-damage|p2a: Deathcock|88\/100|[from] Spikes
|move|p1a: Cloyster|Toxic|p2a: Deathcock
|-status|p2a: Deathcock|tox
|
|-heal|p2a: Deathcock|94\/100 tox|[from] item: Leftovers
|-heal|p1a: Cloyster|99\/100|[from] item: Leftovers
|upkeep
|turn|16
|
|switch|p1a: Snorlax|Snorlax, M|100\/100
|-damage|p1a: Snorlax|88\/100|[from] Spikes
|move|p2a: Deathcock|Ice Beam|p1a: Snorlax
|-damage|p1a: Snorlax|75\/100
|-damage|p2a: Deathcock|88\/100 tox|[from] psn|[of] p1a: Snorlax
|
|-heal|p2a: Deathcock|94\/100 tox|[from] item: Leftovers
|-heal|p1a: Snorlax|82\/100|[from] item: Leftovers
|upkeep
|turn|17
|
|switch|p2a: McFucknasty|Misdreavus, F|100\/100
|-damage|p2a: McFucknasty|88\/100|[from] Spikes
|move|p1a: Snorlax|Curse|p1a: Snorlax
|-unboost|p1a: Snorlax|spe|1
|-boost|p1a: Snorlax|atk|1
|-boost|p1a: Snorlax|def|1
|
|-heal|p2a: McFucknasty|94\/100|[from] item: Leftovers
|-heal|p1a: Snorlax|88\/100|[from] item: Leftovers
|upkeep
|turn|18
|
|switch|p1a: Steelix|Steelix, M|100\/100
|-damage|p1a: Steelix|88\/100|[from] Spikes
|move|p2a: McFucknasty|Toxic|p1a: Steelix
|-immune|p1a: Steelix
|
|-heal|p2a: McFucknasty|100\/100|[from] item: Leftovers
|-heal|p1a: Steelix|94\/100|[from] item: Leftovers
|upkeep
|turn|19
|
|switch|p2a: Fortnite Main|Skarmory, M|100\/100
|move|p1a: Steelix|Earthquake|p2a: Fortnite Main
|-immune|p2a: Fortnite Main
|
|-heal|p1a: Steelix|100\/100|[from] item: Leftovers
|upkeep
|turn|20
|
|move|p2a: Fortnite Main|Whirlwind|p1a: Steelix
|-fail|p1a: Steelix
|move|p1a: Steelix|Roar|p2a: Fortnite Main
|drag|p2a: Deathcock|Suicune|94\/100 tox
|-status|p2a: Deathcock|psn
|-damage|p2a: Deathcock|82\/100 psn|[from] Spikes
|
|-heal|p2a: Deathcock|88\/100 psn|[from] item: Leftovers
|upkeep
|turn|21
|
|switch|p1a: Snorlax|Snorlax, M|88\/100
|-damage|p1a: Snorlax|75\/100|[from] Spikes
|move|p2a: Deathcock|Ice Beam|p1a: Snorlax
|-damage|p1a: Snorlax|62\/100
|-damage|p2a: Deathcock|76\/100 psn|[from] psn|[of] p1a: Snorlax
|
|-heal|p2a: Deathcock|82\/100 psn|[from] item: Leftovers
|-heal|p1a: Snorlax|68\/100|[from] item: Leftovers
|upkeep
|turn|22
|
|switch|p2a: McFucknasty|Misdreavus, F|100\/100
|-damage|p2a: McFucknasty|88\/100|[from] Spikes
|move|p1a: Snorlax|Return|p2a: McFucknasty
|-immune|p2a: McFucknasty
|
|-heal|p2a: McFucknasty|94\/100|[from] item: Leftovers
|-heal|p1a: Snorlax|74\/100|[from] item: Leftovers
|upkeep
|turn|23
|
|switch|p2a: Fortnite Main|Skarmory, M|100\/100
|switch|p1a: Steelix|Steelix, M|100\/100
|-damage|p1a: Steelix|88\/100|[from] Spikes
|
|-heal|p1a: Steelix|94\/100|[from] item: Leftovers
|upkeep
|turn|24
|
|move|p2a: Fortnite Main|Whirlwind|p1a: Steelix
|-fail|p1a: Steelix
|move|p1a: Steelix|Roar|p2a: Fortnite Main
|drag|p2a: big T|Snorlax, M|100\/100 slp
|-damage|p2a: big T|88\/100 slp|[from] Spikes
|
|-heal|p1a: Steelix|100\/100|[from] item: Leftovers
|-heal|p2a: big T|94\/100 slp|[from] item: Leftovers
|upkeep
|turn|25
|
|switch|p1a: Umbreon|Umbreon, M|100\/100 slp
|-damage|p1a: Umbreon|88\/100 slp|[from] Spikes
|cant|p2a: big T|slp
|
|-heal|p1a: Umbreon|94\/100 slp|[from] item: Leftovers
|-heal|p2a: big T|99\/100 slp|[from] item: Leftovers
|upkeep
|turn|26
|
|switch|p2a: 3x(9-3)|Forretress, M|81\/100
|-damage|p2a: 3x(9-3)|68\/100|[from] Spikes
|cant|p1a: Umbreon|slp
|move|p1a: Umbreon|Sleep Talk|p1a: Umbreon
|move|p1a: Umbreon|Rest|p1a: Umbreon|[from]Sleep Talk
|-heal|p1a: Umbreon|100\/100 slp|[silent]
|-status|p1a: Umbreon|slp|[from] move: Rest
|
|-heal|p2a: 3x(9-3)|74\/100|[from] item: Leftovers
|upkeep
|turn|27
|
|switch|p1a: Zapdos|Zapdos|82\/100
|move|p2a: 3x(9-3)|Rapid Spin|p1a: Zapdos
|-damage|p1a: Zapdos|78\/100
|-sideend|p2: THANOS BOOTY CLAP|Spikes|[from] move: Rapid Spin|[of] p2a: 3x(9-3)
|
|-heal|p1a: Zapdos|84\/100|[from] item: Leftovers
|-heal|p2a: 3x(9-3)|80\/100|[from] item: Leftovers
|upkeep
|turn|28
|
|switch|p1a: Cloyster|Cloyster, M|99\/100
|-damage|p1a: Cloyster|88\/100|[from] Spikes
|switch|p2a: big T|Snorlax, M|99\/100 slp
|
|-heal|p1a: Cloyster|94\/100|[from] item: Leftovers
|-heal|p2a: big T|100\/100 slp|[from] item: Leftovers
|upkeep
|turn|29
|
|move|p1a: Cloyster|Spikes|p2a: big T
|-sidestart|p2: THANOS BOOTY CLAP|Spikes
|cant|p2a: big T|slp
|
|-heal|p1a: Cloyster|99\/100|[from] item: Leftovers
|upkeep
|turn|30
|
|move|p1a: Cloyster|Surf|p2a: big T
|-damage|p2a: big T|83\/100 slp
|cant|p2a: big T|slp
|
|-heal|p1a: Cloyster|100\/100|[from] item: Leftovers
|-heal|p2a: big T|90\/100 slp|[from] item: Leftovers
|upkeep
|turn|31
|
|switch|p1a: Exeggutor|Exeggutor, M|100\/100
|-damage|p1a: Exeggutor|88\/100|[from] Spikes
|cant|p2a: big T|slp
|
|-heal|p1a: Exeggutor|94\/100|[from] item: Leftovers
|-heal|p2a: big T|96\/100 slp|[from] item: Leftovers
|upkeep
|turn|32
|
|move|p1a: Exeggutor|Psychic|p2a: big T
|-damage|p2a: big T|72\/100 slp
|cant|p2a: big T|slp
|
|-heal|p1a: Exeggutor|99\/100|[from] item: Leftovers
|-heal|p2a: big T|78\/100 slp|[from] item: Leftovers
|upkeep
|turn|33
|
|switch|p2a: Fortnite Main|Skarmory, M|100\/100
|move|p1a: Exeggutor|Explosion|p2a: Fortnite Main
|-crit|p2a: Fortnite Main
|-resisted|p2a: Fortnite Main
|-damage|p2a: Fortnite Main|6\/100
|faint|p1a: Exeggutor
|
|switch|p1a: Cloyster|Cloyster, M|100\/100
|-damage|p1a: Cloyster|88\/100|[from] Spikes
|
|-heal|p1a: Cloyster|94\/100|[from] item: Leftovers
|-heal|p2a: Fortnite Main|12\/100|[from] item: Leftovers
|upkeep
|turn|34
|
|switch|p2a: Deathcock|Suicune|82\/100 psn
|-damage|p2a: Deathcock|69\/100 psn|[from] Spikes
|-damage|p2a: Deathcock|57\/100 psn|[from] psn
|move|p1a: Cloyster|Explosion|p2a: Deathcock
|-damage|p2a: Deathcock|0 fnt
|faint|p1a: Cloyster
|faint|p2a: Deathcock
|
|switch|p2a: Fortnite Main|Skarmory, M|12\/100
|switch|p1a: Steelix|Steelix, M|100\/100
|-damage|p1a: Steelix|88\/100|[from] Spikes
|
|-heal|p2a: Fortnite Main|18\/100|[from] item: Leftovers
|-heal|p1a: Steelix|94\/100|[from] item: Leftovers
|upkeep
|turn|35
|
|switch|p1a: Snorlax|Snorlax, M|74\/100
|-damage|p1a: Snorlax|62\/100|[from] Spikes
|move|p2a: Fortnite Main|Whirlwind|p1a: Snorlax
|drag|p1a: Steelix|Steelix, M|94\/100
|-damage|p1a: Steelix|82\/100|[from] Spikes
|
|-heal|p2a: Fortnite Main|24\/100|[from] item: Leftovers
|-heal|p1a: Steelix|88\/100|[from] item: Leftovers
|upkeep
|turn|36
|
|switch|p2a: 3x(9-3)|Forretress, M|80\/100
|-damage|p2a: 3x(9-3)|68\/100|[from] Spikes
|move|p1a: Steelix|Roar|p2a: 3x(9-3)
|drag|p2a: UterusPiledriver|Piloswine, M|100\/100 slp
|-damage|p2a: UterusPiledriver|88\/100 slp|[from] Spikes
|
|-heal|p2a: UterusPiledriver|94\/100 slp|[from] item: Leftovers
|-heal|p1a: Steelix|94\/100|[from] item: Leftovers
|upkeep
|turn|37
|inactive|hsa has 270 seconds left.
|
|switch|p2a: McFucknasty|Misdreavus, F|94\/100
|-damage|p2a: McFucknasty|82\/100|[from] Spikes
|move|p1a: Steelix|Curse|p1a: Steelix
|-unboost|p1a: Steelix|spe|1
|-boost|p1a: Steelix|atk|1
|-boost|p1a: Steelix|def|1
|
|-heal|p2a: McFucknasty|88\/100|[from] item: Leftovers
|-heal|p1a: Steelix|100\/100|[from] item: Leftovers
|upkeep
|turn|38
|
|switch|p2a: Fortnite Main|Skarmory, M|24\/100
|move|p1a: Steelix|Roar|p2a: Fortnite Main
|drag|p2a: McFucknasty|Misdreavus, F|88\/100
|-damage|p2a: McFucknasty|76\/100|[from] Spikes
|
|-heal|p2a: McFucknasty|82\/100|[from] item: Leftovers
|upkeep
|turn|39
|
|move|p2a: McFucknasty|Protect|p2a: McFucknasty
|-singleturn|p2a: McFucknasty|Protect
|move|p1a: Steelix|Earthquake|p2a: McFucknasty
|-activate|p2a: McFucknasty|Protect
|
|-heal|p2a: McFucknasty|88\/100|[from] item: Leftovers
|upkeep
|turn|40
|
|switch|p2a: Fortnite Main|Skarmory, M|24\/100
|move|p1a: Steelix|Earthquake|p2a: Fortnite Main
|-immune|p2a: Fortnite Main
|
|-heal|p2a: Fortnite Main|30\/100|[from] item: Leftovers
|upkeep
|turn|41
|
|move|p2a: Fortnite Main|Rest|p2a: Fortnite Main
|-status|p2a: Fortnite Main|slp
|-heal|p2a: Fortnite Main|100\/100 slp|[silent]
|-status|p2a: Fortnite Main|slp|[from] move: Rest
|move|p1a: Steelix|Roar|p2a: Fortnite Main
|drag|p2a: UterusPiledriver|Piloswine, M|94\/100 slp
|-damage|p2a: UterusPiledriver|82\/100 slp|[from] Spikes
|
|-heal|p2a: UterusPiledriver|88\/100 slp|[from] item: Leftovers
|upkeep
|turn|42
|
|switch|p2a: Fortnite Main|Skarmory, M|100\/100 slp
|move|p1a: Steelix|Earthquake|p2a: Fortnite Main
|-immune|p2a: Fortnite Main
|
|upkeep
|turn|43
|
|cant|p2a: Fortnite Main|slp
|move|p1a: Steelix|Roar|p2a: Fortnite Main
|drag|p2a: UterusPiledriver|Piloswine, M|88\/100 slp
|-damage|p2a: UterusPiledriver|76\/100 slp|[from] Spikes
|
|-heal|p2a: UterusPiledriver|82\/100 slp|[from] item: Leftovers
|upkeep
|turn|44
|
|switch|p2a: Fortnite Main|Skarmory, M|100\/100 slp
|move|p1a: Steelix|Roar|p2a: Fortnite Main
|drag|p2a: McFucknasty|Misdreavus, F|88\/100
|-damage|p2a: McFucknasty|76\/100|[from] Spikes
|
|-heal|p2a: McFucknasty|82\/100|[from] item: Leftovers
|upkeep
|turn|45
|
|move|p2a: McFucknasty|Protect|p2a: McFucknasty
|-singleturn|p2a: McFucknasty|Protect
|move|p1a: Steelix|Roar|p2a: McFucknasty
|-activate|p2a: McFucknasty|Protect
|
|-heal|p2a: McFucknasty|88\/100|[from] item: Leftovers
|upkeep
|turn|46
|
|switch|p2a: Fortnite Main|Skarmory, M|100\/100 slp
|move|p1a: Steelix|Roar|p2a: Fortnite Main
|drag|p2a: UterusPiledriver|Piloswine, M|82\/100 slp
|-damage|p2a: UterusPiledriver|69\/100 slp|[from] Spikes
|
|-heal|p2a: UterusPiledriver|76\/100 slp|[from] item: Leftovers
|upkeep
|turn|47
|
|switch|p2a: Fortnite Main|Skarmory, M|100\/100 slp
|move|p1a: Steelix|Roar|p2a: Fortnite Main
|drag|p2a: UterusPiledriver|Piloswine, M|76\/100 slp
|-damage|p2a: UterusPiledriver|63\/100 slp|[from] Spikes
|
|-heal|p2a: UterusPiledriver|69\/100 slp|[from] item: Leftovers
|upkeep
|turn|48
|
|switch|p2a: Fortnite Main|Skarmory, M|100\/100 slp
|move|p1a: Steelix|Earthquake|p2a: Fortnite Main
|-immune|p2a: Fortnite Main
|
|upkeep
|turn|49
|
|cant|p2a: Fortnite Main|slp
|move|p1a: Steelix|Roar|p2a: Fortnite Main
|drag|p2a: UterusPiledriver|Piloswine, M|69\/100 slp
|-damage|p2a: UterusPiledriver|57\/100 slp|[from] Spikes
|
|-heal|p2a: UterusPiledriver|63\/100 slp|[from] item: Leftovers
|upkeep
|turn|50
|
|switch|p2a: Fortnite Main|Skarmory, M|100\/100 slp
|move|p1a: Steelix|Roar|p2a: Fortnite Main
|drag|p2a: big T|Snorlax, M|78\/100 slp
|-damage|p2a: big T|66\/100 slp|[from] Spikes
|
|-heal|p2a: big T|72\/100 slp|[from] item: Leftovers
|upkeep
|turn|51
|
|switch|p2a: Fortnite Main|Skarmory, M|100\/100 slp
|move|p1a: Steelix|Roar|p2a: Fortnite Main
|drag|p2a: UterusPiledriver|Piloswine, M|63\/100 slp
|-damage|p2a: UterusPiledriver|51\/100 slp|[from] Spikes
|
|-heal|p2a: UterusPiledriver|57\/100 slp|[from] item: Leftovers
|upkeep
|turn|52
|
|switch|p2a: Fortnite Main|Skarmory, M|100\/100 slp
|move|p1a: Steelix|Roar|p2a: Fortnite Main
|drag|p2a: big T|Snorlax, M|72\/100 slp
|-damage|p2a: big T|60\/100 slp|[from] Spikes
|
|-heal|p2a: big T|66\/100 slp|[from] item: Leftovers
|upkeep
|turn|53
|
|switch|p2a: Fortnite Main|Skarmory, M|100\/100 slp
|move|p1a: Steelix|Roar|p2a: Fortnite Main
|drag|p2a: big T|Snorlax, M|66\/100 slp
|-damage|p2a: big T|53\/100 slp|[from] Spikes
|
|-heal|p2a: big T|59\/100 slp|[from] item: Leftovers
|upkeep
|turn|54
|
|switch|p2a: Fortnite Main|Skarmory, M|100\/100 slp
|move|p1a: Steelix|Roar|p2a: Fortnite Main
|drag|p2a: UterusPiledriver|Piloswine, M|57\/100 slp
|-damage|p2a: UterusPiledriver|45\/100 slp|[from] Spikes
|
|-heal|p2a: UterusPiledriver|51\/100 slp|[from] item: Leftovers
|upkeep
|turn|55
|
|switch|p2a: Fortnite Main|Skarmory, M|100\/100 slp
|move|p1a: Steelix|Roar|p2a: Fortnite Main
|drag|p2a: big T|Snorlax, M|59\/100 slp
|-damage|p2a: big T|47\/100 slp|[from] Spikes
|
|-heal|p2a: big T|53\/100 slp|[from] item: Leftovers
|upkeep
|turn|56
|
|switch|p2a: Fortnite Main|Skarmory, M|100\/100 slp
|move|p1a: Steelix|Roar|p2a: Fortnite Main
|drag|p2a: UterusPiledriver|Piloswine, M|51\/100 slp
|-damage|p2a: UterusPiledriver|38\/100 slp|[from] Spikes
|
|-heal|p2a: UterusPiledriver|45\/100 slp|[from] item: Leftovers
|upkeep
|turn|57
|
|cant|p2a: UterusPiledriver|slp
|move|p2a: UterusPiledriver|Sleep Talk|p2a: UterusPiledriver
|move|p2a: UterusPiledriver|Rest|p2a: UterusPiledriver|[from]Sleep Talk
|-heal|p2a: UterusPiledriver|100\/100 slp|[silent]
|-status|p2a: UterusPiledriver|slp|[from] move: Rest
|move|p1a: Steelix|Roar|p2a: UterusPiledriver
|drag|p2a: 3x(9-3)|Forretress, M|68\/100
|-damage|p2a: 3x(9-3)|56\/100|[from] Spikes
|
|-heal|p2a: 3x(9-3)|62\/100|[from] item: Leftovers
|upkeep
|turn|58
|c|☆THANOS BOOTY CLAP|ayy lmao
|
|move|p2a: 3x(9-3)|Rapid Spin|p1a: Steelix
|-resisted|p1a: Steelix
|-damage|p1a: Steelix|99\/100
|-sideend|p2: THANOS BOOTY CLAP|Spikes|[from] move: Rapid Spin|[of] p2a: 3x(9-3)
|move|p1a: Steelix|Earthquake|p2a: 3x(9-3)
|-damage|p2a: 3x(9-3)|23\/100
|
|-heal|p2a: 3x(9-3)|29\/100|[from] item: Leftovers
|-heal|p1a: Steelix|100\/100|[from] item: Leftovers
|upkeep
|turn|59
|
|switch|p2a: Fortnite Main|Skarmory, M|100\/100 slp
|switch|p1a: Zapdos|Zapdos|84\/100
|
|-heal|p1a: Zapdos|90\/100|[from] item: Leftovers
|upkeep
|turn|60
|
|switch|p1a: Umbreon|Umbreon, M|100\/100 slp
|-damage|p1a: Umbreon|88\/100 slp|[from] Spikes
|switch|p2a: UterusPiledriver|Piloswine, M|100\/100 slp
|
|-heal|p1a: Umbreon|94\/100 slp|[from] item: Leftovers
|upkeep
|turn|61
|
|switch|p2a: big T|Snorlax, M|53\/100 slp
|cant|p1a: Umbreon|slp
|
|-heal|p1a: Umbreon|99\/100 slp|[from] item: Leftovers
|-heal|p2a: big T|59\/100 slp|[from] item: Leftovers
|upkeep
|turn|62
|
|cant|p1a: Umbreon|slp
|-curestatus|p2a: big T|slp|[msg]
|move|p2a: big T|Return|p1a: Umbreon
|-damage|p1a: Umbreon|68\/100 slp
|
|-heal|p1a: Umbreon|74\/100 slp|[from] item: Leftovers
|-heal|p2a: big T|65\/100|[from] item: Leftovers
|upkeep
|turn|63
|
|-curestatus|p1a: Umbreon|slp|[msg]
|move|p1a: Umbreon|Charm|p2a: big T
|-unboost|p2a: big T|atk|2
|move|p2a: big T|Rest|p2a: big T
|-status|p2a: big T|slp
|-heal|p2a: big T|100\/100 slp|[silent]
|-status|p2a: big T|slp|[from] move: Rest
|
|-heal|p1a: Umbreon|80\/100|[from] item: Leftovers
|upkeep
|turn|64
|
|switch|p1a: Snorlax|Snorlax, M|62\/100
|-damage|p1a: Snorlax|49\/100|[from] Spikes
|cant|p2a: big T|slp
|
|-heal|p1a: Snorlax|56\/100|[from] item: Leftovers
|upkeep
|turn|65
|
|switch|p2a: McFucknasty|Misdreavus, F|88\/100
|move|p1a: Snorlax|Curse|p1a: Snorlax
|-unboost|p1a: Snorlax|spe|1
|-boost|p1a: Snorlax|atk|1
|-boost|p1a: Snorlax|def|1
|
|-heal|p2a: McFucknasty|94\/100|[from] item: Leftovers
|-heal|p1a: Snorlax|62\/100|[from] item: Leftovers
|upkeep
|turn|66
|
|switch|p1a: Steelix|Steelix, M|100\/100
|-damage|p1a: Steelix|88\/100|[from] Spikes
|move|p2a: McFucknasty|Toxic|p1a: Steelix
|-immune|p1a: Steelix
|
|-heal|p2a: McFucknasty|100\/100|[from] item: Leftovers
|-heal|p1a: Steelix|94\/100|[from] item: Leftovers
|upkeep
|turn|67
|
|switch|p2a: Fortnite Main|Skarmory, M|100\/100 slp
|switch|p1a: Zapdos|Zapdos|90\/100
|
|-heal|p1a: Zapdos|96\/100|[from] item: Leftovers
|upkeep
|turn|68
|
|switch|p1a: Snorlax|Snorlax, M|62\/100
|-damage|p1a: Snorlax|49\/100|[from] Spikes
|switch|p2a: UterusPiledriver|Piloswine, M|100\/100 slp
|
|-heal|p1a: Snorlax|55\/100|[from] item: Leftovers
|upkeep
|turn|69
|
|switch|p2a: McFucknasty|Misdreavus, F|100\/100
|move|p1a: Snorlax|Curse|p1a: Snorlax
|-unboost|p1a: Snorlax|spe|1
|-boost|p1a: Snorlax|atk|1
|-boost|p1a: Snorlax|def|1
|
|-heal|p1a: Snorlax|61\/100|[from] item: Leftovers
|upkeep
|turn|70
|
|move|p2a: McFucknasty|Toxic|p1a: Snorlax|[miss]
|-miss|p2a: McFucknasty
|move|p1a: Snorlax|Rest|p1a: Snorlax
|-status|p1a: Snorlax|slp
|-heal|p1a: Snorlax|100\/100 slp|[silent]
|-status|p1a: Snorlax|slp|[from] move: Rest
|
|upkeep
|turn|71
|
|switch|p2a: Fortnite Main|Skarmory, M|100\/100 slp
|switch|p1a: Steelix|Steelix, M|94\/100
|-damage|p1a: Steelix|82\/100|[from] Spikes
|
|-heal|p1a: Steelix|88\/100|[from] item: Leftovers
|upkeep
|turn|72
|
|switch|p1a: Zapdos|Zapdos|96\/100
|-curestatus|p2a: Fortnite Main|slp|[msg]
|move|p2a: Fortnite Main|Whirlwind|p1a: Zapdos
|drag|p1a: Snorlax|Snorlax, M|100\/100 slp
|-damage|p1a: Snorlax|88\/100 slp|[from] Spikes
|
|-heal|p1a: Snorlax|94\/100 slp|[from] item: Leftovers
|upkeep
|turn|73
|
|switch|p2a: 3x(9-3)|Forretress, M|29\/100
|cant|p1a: Snorlax|slp
|
|-heal|p2a: 3x(9-3)|35\/100|[from] item: Leftovers
|-heal|p1a: Snorlax|99\/100 slp|[from] item: Leftovers
|upkeep
|turn|74
|
|switch|p1a: Steelix|Steelix, M|88\/100
|-damage|p1a: Steelix|76\/100|[from] Spikes
|move|p2a: 3x(9-3)|Hidden Power|p1a: Steelix
|-supereffective|p1a: Steelix
|-damage|p1a: Steelix|43\/100
|
|-heal|p2a: 3x(9-3)|42\/100|[from] item: Leftovers
|-heal|p1a: Steelix|49\/100|[from] item: Leftovers
|upkeep
|turn|75
|
|switch|p1a: Zapdos|Zapdos|96\/100
|move|p2a: 3x(9-3)|Hidden Power|p1a: Zapdos
|-damage|p1a: Zapdos|84\/100
|
|-heal|p1a: Zapdos|90\/100|[from] item: Leftovers
|-heal|p2a: 3x(9-3)|48\/100|[from] item: Leftovers
|upkeep
|turn|76
|
|switch|p1a: Snorlax|Snorlax, M|99\/100 slp
|-damage|p1a: Snorlax|88\/100 slp|[from] Spikes
|switch|p2a: UterusPiledriver|Piloswine, M|100\/100 slp
|
|-heal|p1a: Snorlax|94\/100 slp|[from] item: Leftovers
|upkeep
|turn|77
|
|cant|p2a: UterusPiledriver|slp
|move|p2a: UterusPiledriver|Sleep Talk|p2a: UterusPiledriver
|move|p2a: UterusPiledriver|Ice Beam|p1a: Snorlax|[from]Sleep Talk
|-damage|p1a: Snorlax|79\/100 slp
|cant|p1a: Snorlax|slp
|
|-heal|p1a: Snorlax|85\/100 slp|[from] item: Leftovers
|upkeep
|turn|78
|
|switch|p2a: McFucknasty|Misdreavus, F|100\/100
|-curestatus|p1a: Snorlax|slp|[msg]
|move|p1a: Snorlax|Curse|p1a: Snorlax
|-unboost|p1a: Snorlax|spe|1
|-boost|p1a: Snorlax|atk|1
|-boost|p1a: Snorlax|def|1
|
|-heal|p1a: Snorlax|91\/100|[from] item: Leftovers
|upkeep
|turn|79
|
|switch|p1a: Umbreon|Umbreon, M|80\/100
|-damage|p1a: Umbreon|68\/100|[from] Spikes
|move|p2a: McFucknasty|Psychic|p1a: Umbreon
|-immune|p1a: Umbreon
|
|-heal|p1a: Umbreon|74\/100|[from] item: Leftovers
|upkeep
|turn|80
|
|move|p2a: McFucknasty|Toxic|p1a: Umbreon
|-status|p1a: Umbreon|tox
|move|p1a: Umbreon|Pursuit|p2a: McFucknasty
|-supereffective|p2a: McFucknasty
|-damage|p2a: McFucknasty|76\/100
|-damage|p1a: Umbreon|68\/100 tox|[from] psn|[of] p2a: McFucknasty
|
|-heal|p2a: McFucknasty|82\/100|[from] item: Leftovers
|-heal|p1a: Umbreon|74\/100 tox|[from] item: Leftovers
|upkeep
|turn|81
|
|move|p2a: McFucknasty|Protect|p2a: McFucknasty
|-singleturn|p2a: McFucknasty|Protect
|move|p1a: Umbreon|Pursuit|p2a: McFucknasty
|-activate|p2a: McFucknasty|Protect
|-damage|p1a: Umbreon|62\/100 tox|[from] psn|[of] p2a: McFucknasty
|
|-heal|p2a: McFucknasty|88\/100|[from] item: Leftovers
|-heal|p1a: Umbreon|68\/100 tox|[from] item: Leftovers
|upkeep
|turn|82
|
|move|p2a: McFucknasty|Protect|p2a: McFucknasty
|-singleturn|p2a: McFucknasty|Protect
|move|p1a: Umbreon|Pursuit|p2a: McFucknasty
|-activate|p2a: McFucknasty|Protect
|-damage|p1a: Umbreon|49\/100 tox|[from] psn|[of] p2a: McFucknasty
|
|-heal|p2a: McFucknasty|94\/100|[from] item: Leftovers
|-heal|p1a: Umbreon|55\/100 tox|[from] item: Leftovers
|upkeep
|turn|83
|
|move|p2a: McFucknasty|Psychic|p1a: Umbreon
|-immune|p1a: Umbreon
|move|p1a: Umbreon|Pursuit|p2a: McFucknasty
|-supereffective|p2a: McFucknasty
|-damage|p2a: McFucknasty|71\/100
|-damage|p1a: Umbreon|31\/100 tox|[from] psn|[of] p2a: McFucknasty
|
|-heal|p2a: McFucknasty|77\/100|[from] item: Leftovers
|-heal|p1a: Umbreon|37\/100 tox|[from] item: Leftovers
|upkeep
|turn|84
|
|move|p2a: McFucknasty|Protect|p2a: McFucknasty
|-singleturn|p2a: McFucknasty|Protect
|move|p1a: Umbreon|Rest|p1a: Umbreon
|-status|p1a: Umbreon|slp
|-heal|p1a: Umbreon|100\/100 slp|[silent]
|-status|p1a: Umbreon|slp|[from] move: Rest
|
|-heal|p2a: McFucknasty|83\/100|[from] item: Leftovers
|upkeep
|turn|85
|
|switch|p2a: UterusPiledriver|Piloswine, M|100\/100 slp
|cant|p1a: Umbreon|slp
|move|p1a: Umbreon|Sleep Talk|p1a: Umbreon
|move|p1a: Umbreon|Pursuit|p2a: UterusPiledriver|[from]Sleep Talk
|-damage|p2a: UterusPiledriver|88\/100 slp
|
|-heal|p2a: UterusPiledriver|95\/100 slp|[from] item: Leftovers
|upkeep
|turn|86
|
|cant|p1a: Umbreon|slp
|move|p1a: Umbreon|Sleep Talk|p1a: Umbreon
|move|p1a: Umbreon|Charm|p2a: UterusPiledriver|[from]Sleep Talk
|-unboost|p2a: UterusPiledriver|atk|2
|cant|p2a: UterusPiledriver|slp
|
|-heal|p2a: UterusPiledriver|100\/100 slp|[from] item: Leftovers
|upkeep
|turn|87
|
|switch|p1a: Snorlax|Snorlax, M|91\/100
|-damage|p1a: Snorlax|78\/100|[from] Spikes
|switch|p2a: Fortnite Main|Skarmory, M|100\/100
|
|-heal|p1a: Snorlax|84\/100|[from] item: Leftovers
|upkeep
|turn|88
|
|switch|p2a: big T|Snorlax, M|100\/100 slp
|move|p1a: Snorlax|Curse|p1a: Snorlax
|-unboost|p1a: Snorlax|spe|1
|-boost|p1a: Snorlax|atk|1
|-boost|p1a: Snorlax|def|1
|
|-heal|p1a: Snorlax|91\/100|[from] item: Leftovers
|upkeep
|turn|89
|
|switch|p2a: McFucknasty|Misdreavus, F|83\/100
|switch|p1a: Umbreon|Umbreon, M|100\/100 slp
|-damage|p1a: Umbreon|88\/100 slp|[from] Spikes
|
|-heal|p2a: McFucknasty|89\/100|[from] item: Leftovers
|-heal|p1a: Umbreon|94\/100 slp|[from] item: Leftovers
|upkeep
|turn|90
|
|move|p2a: McFucknasty|Pain Split|p1a: Umbreon
|-sethp|p1a: Umbreon|84\/100 slp|p2a: McFucknasty|100\/100|[from] move: Pain Split
|-curestatus|p1a: Umbreon|slp|[msg]
|move|p1a: Umbreon|Pursuit|p2a: McFucknasty
|-supereffective|p2a: McFucknasty
|-damage|p2a: McFucknasty|75\/100
|
|-heal|p2a: McFucknasty|81\/100|[from] item: Leftovers
|-heal|p1a: Umbreon|90\/100|[from] item: Leftovers
|upkeep
|turn|91
|
|move|p2a: McFucknasty|Toxic|p1a: Umbreon
|-status|p1a: Umbreon|tox
|move|p1a: Umbreon|Pursuit|p2a: McFucknasty
|-crit|p2a: McFucknasty
|-supereffective|p2a: McFucknasty
|-damage|p2a: McFucknasty|32\/100
|-damage|p1a: Umbreon|84\/100 tox|[from] psn|[of] p2a: McFucknasty
|
|-heal|p2a: McFucknasty|38\/100|[from] item: Leftovers
|-heal|p1a: Umbreon|90\/100 tox|[from] item: Leftovers
|upkeep
|turn|92
|
|switch|p1a: Steelix|Steelix, M|49\/100
|-damage|p1a: Steelix|36\/100|[from] Spikes
|move|p2a: McFucknasty|Pain Split|p1a: Steelix
|-sethp|p1a: Steelix|36\/100|p2a: McFucknasty|39\/100|[from] move: Pain Split
|
|-heal|p2a: McFucknasty|45\/100|[from] item: Leftovers
|-heal|p1a: Steelix|42\/100|[from] item: Leftovers
|upkeep
|turn|93
|
|move|p2a: McFucknasty|Protect|p2a: McFucknasty
|-singleturn|p2a: McFucknasty|Protect
|move|p1a: Steelix|Curse|p1a: Steelix
|-unboost|p1a: Steelix|spe|1
|-boost|p1a: Steelix|atk|1
|-boost|p1a: Steelix|def|1
|
|-heal|p2a: McFucknasty|51\/100|[from] item: Leftovers
|-heal|p1a: Steelix|48\/100|[from] item: Leftovers
|upkeep
|turn|94
|
|switch|p2a: Fortnite Main|Skarmory, M|100\/100
|move|p1a: Steelix|Curse|p1a: Steelix
|-unboost|p1a: Steelix|spe|1
|-boost|p1a: Steelix|atk|1
|-boost|p1a: Steelix|def|1
|
|-heal|p1a: Steelix|54\/100|[from] item: Leftovers
|upkeep
|turn|95
|
|move|p1a: Steelix|Earthquake|p2a: Fortnite Main
|-immune|p2a: Fortnite Main
|move|p2a: Fortnite Main|Whirlwind|p1a: Steelix
|drag|p1a: Snorlax|Snorlax, M|91\/100
|-damage|p1a: Snorlax|78\/100|[from] Spikes
|
|-heal|p1a: Snorlax|84\/100|[from] item: Leftovers
|upkeep
|turn|96
|
|move|p2a: Fortnite Main|Drill Peck|p1a: Snorlax
|-damage|p1a: Snorlax|63\/100
|move|p1a: Snorlax|Curse|p1a: Snorlax
|-unboost|p1a: Snorlax|spe|1
|-boost|p1a: Snorlax|atk|1
|-boost|p1a: Snorlax|def|1
|
|-heal|p1a: Snorlax|70\/100|[from] item: Leftovers
|upkeep
|turn|97
|
|move|p1a: Snorlax|Flamethrower|p2a: Fortnite Main
|-supereffective|p2a: Fortnite Main
|-damage|p2a: Fortnite Main|55\/100
|move|p2a: Fortnite Main|Whirlwind|p1a: Snorlax
|drag|p1a: Umbreon|Umbreon, M|90\/100 tox
|-status|p1a: Umbreon|psn
|-damage|p1a: Umbreon|77\/100 psn|[from] Spikes
|
|-heal|p2a: Fortnite Main|61\/100|[from] item: Leftovers
|-heal|p1a: Umbreon|83\/100 psn|[from] item: Leftovers
|upkeep
|turn|98
|
|switch|p1a: Zapdos|Zapdos|90\/100
|move|p2a: Fortnite Main|Drill Peck|p1a: Zapdos
|-resisted|p1a: Zapdos
|-damage|p1a: Zapdos|78\/100
|
|-heal|p1a: Zapdos|84\/100|[from] item: Leftovers
|-heal|p2a: Fortnite Main|67\/100|[from] item: Leftovers
|upkeep
|turn|99
|
|switch|p1a: Snorlax|Snorlax, M|70\/100
|-damage|p1a: Snorlax|57\/100|[from] Spikes
|switch|p2a: UterusPiledriver|Piloswine, M|100\/100 slp
|
|-heal|p1a: Snorlax|63\/100|[from] item: Leftovers
|upkeep
|turn|100
|
|switch|p2a: McFucknasty|Misdreavus, F|51\/100
|move|p1a: Snorlax|Curse|p1a: Snorlax
|-unboost|p1a: Snorlax|spe|1
|-boost|p1a: Snorlax|atk|1
|-boost|p1a: Snorlax|def|1
|
|-heal|p2a: McFucknasty|57\/100|[from] item: Leftovers
|-heal|p1a: Snorlax|69\/100|[from] item: Leftovers
|upkeep
|turn|101
|
|move|p2a: McFucknasty|Toxic|p1a: Snorlax
|-status|p1a: Snorlax|tox
|move|p1a: Snorlax|Flamethrower|p2a: McFucknasty
|-damage|p2a: McFucknasty|40\/100
|-damage|p1a: Snorlax|63\/100 tox|[from] psn|[of] p2a: McFucknasty
|
|-heal|p2a: McFucknasty|46\/100|[from] item: Leftovers
|-heal|p1a: Snorlax|69\/100 tox|[from] item: Leftovers
|upkeep
|turn|102
|
|move|p2a: McFucknasty|Pain Split|p1a: Snorlax
|-sethp|p1a: Snorlax|49\/100 tox|p2a: McFucknasty|79\/100|[from] move: Pain Split
|move|p1a: Snorlax|Rest|p1a: Snorlax
|-status|p1a: Snorlax|slp
|-heal|p1a: Snorlax|100\/100 slp|[silent]
|-status|p1a: Snorlax|slp|[from] move: Rest
|
|-heal|p2a: McFucknasty|85\/100|[from] item: Leftovers
|upkeep
|turn|103
|
|switch|p2a: big T|Snorlax, M|100\/100 slp
|cant|p1a: Snorlax|slp
|
|upkeep
|turn|104
|
|cant|p2a: big T|slp
|cant|p1a: Snorlax|slp
|
|upkeep
|turn|105
|
|switch|p1a: Umbreon|Umbreon, M|83\/100 psn
|-damage|p1a: Umbreon|71\/100 psn|[from] Spikes
|-damage|p1a: Umbreon|59\/100 psn|[from] psn
|-curestatus|p2a: big T|slp|[msg]
|move|p2a: big T|Curse|p2a: big T
|-unboost|p2a: big T|spe|1
|-boost|p2a: big T|atk|1
|-boost|p2a: big T|def|1
|
|-heal|p1a: Umbreon|65\/100 psn|[from] item: Leftovers
|upkeep
|turn|106
|
|move|p1a: Umbreon|Charm|p2a: big T
|-unboost|p2a: big T|atk|2
|-damage|p1a: Umbreon|52\/100 psn|[from] psn|[of] p2a: big T
|move|p2a: big T|Return|p1a: Umbreon
|-damage|p1a: Umbreon|31\/100 psn
|
|-heal|p1a: Umbreon|37\/100 psn|[from] item: Leftovers
|upkeep
|turn|107
|
|switch|p2a: UterusPiledriver|Piloswine, M|100\/100 slp
|move|p1a: Umbreon|Rest|p1a: Umbreon
|-status|p1a: Umbreon|slp
|-heal|p1a: Umbreon|100\/100 slp|[silent]
|-status|p1a: Umbreon|slp|[from] move: Rest
|
|upkeep
|turn|108
|
|switch|p2a: 3x(9-3)|Forretress, M|48\/100
|cant|p1a: Umbreon|slp
|move|p1a: Umbreon|Sleep Talk|p1a: Umbreon
|move|p1a: Umbreon|Charm|p2a: 3x(9-3)|[from]Sleep Talk
|-unboost|p2a: 3x(9-3)|atk|2
|
|-heal|p2a: 3x(9-3)|54\/100|[from] item: Leftovers
|upkeep
|turn|109
|
|switch|p2a: Fortnite Main|Skarmory, M|67\/100
|cant|p1a: Umbreon|slp
|move|p1a: Umbreon|Sleep Talk|p1a: Umbreon
|move|p1a: Umbreon|Charm|p2a: Fortnite Main|[from]Sleep Talk
|-unboost|p2a: Fortnite Main|atk|2
|
|-heal|p2a: Fortnite Main|73\/100|[from] item: Leftovers
|upkeep
|turn|110
|
|switch|p1a: Zapdos|Zapdos|84\/100
|move|p2a: Fortnite Main|Drill Peck|p1a: Zapdos
|-crit|p1a: Zapdos
|-resisted|p1a: Zapdos
|-damage|p1a: Zapdos|62\/100
|
|-heal|p1a: Zapdos|68\/100|[from] item: Leftovers
|-heal|p2a: Fortnite Main|79\/100|[from] item: Leftovers
|upkeep
|turn|111
|
|switch|p2a: big T|Snorlax, M|100\/100
|move|p1a: Zapdos|Hidden Power|p2a: big T
|-damage|p2a: big T|90\/100
|
|-heal|p1a: Zapdos|74\/100|[from] item: Leftovers
|-heal|p2a: big T|96\/100|[from] item: Leftovers
|upkeep
|turn|112
|
|switch|p1a: Umbreon|Umbreon, M|100\/100 slp
|-damage|p1a: Umbreon|88\/100 slp|[from] Spikes
|switch|p2a: UterusPiledriver|Piloswine, M|100\/100 slp
|
|-heal|p1a: Umbreon|94\/100 slp|[from] item: Leftovers
|upkeep
|turn|113
|
|-curestatus|p1a: Umbreon|slp|[msg]
|move|p1a: Umbreon|Charm|p2a: UterusPiledriver
|-unboost|p2a: UterusPiledriver|atk|2
|-curestatus|p2a: UterusPiledriver|slp|[msg]
|move|p2a: UterusPiledriver|Ice Beam|p1a: Umbreon
|-damage|p1a: Umbreon|77\/100
|
|-heal|p1a: Umbreon|83\/100|[from] item: Leftovers
|upkeep
|turn|114
|
|switch|p1a: Snorlax|Snorlax, M|100\/100 slp
|-damage|p1a: Snorlax|88\/100 slp|[from] Spikes
|switch|p2a: Fortnite Main|Skarmory, M|79\/100
|
|-heal|p2a: Fortnite Main|85\/100|[from] item: Leftovers
|-heal|p1a: Snorlax|94\/100 slp|[from] item: Leftovers
|upkeep
|turn|115
|
|switch|p2a: McFucknasty|Misdreavus, F|85\/100
|-curestatus|p1a: Snorlax|slp|[msg]
|move|p1a: Snorlax|Flamethrower|p2a: McFucknasty
|-damage|p2a: McFucknasty|66\/100
|
|-heal|p2a: McFucknasty|72\/100|[from] item: Leftovers
|-heal|p1a: Snorlax|99\/100|[from] item: Leftovers
|upkeep
|turn|116
|
|move|p2a: McFucknasty|Toxic|p1a: Snorlax|[miss]
|-miss|p2a: McFucknasty
|move|p1a: Snorlax|Flamethrower|p2a: McFucknasty
|-damage|p2a: McFucknasty|53\/100
|
|-heal|p2a: McFucknasty|59\/100|[from] item: Leftovers
|-heal|p1a: Snorlax|100\/100|[from] item: Leftovers
|upkeep
|turn|117
|
|move|p2a: McFucknasty|Toxic|p1a: Snorlax
|-status|p1a: Snorlax|tox
|move|p1a: Snorlax|Flamethrower|p2a: McFucknasty
|-damage|p2a: McFucknasty|39\/100
|-damage|p1a: Snorlax|94\/100 tox|[from] psn|[of] p2a: McFucknasty
|
|-heal|p2a: McFucknasty|45\/100|[from] item: Leftovers
|-heal|p1a: Snorlax|100\/100 tox|[from] item: Leftovers
|upkeep
|turn|118
|inactive|hsa has 270 seconds left.
|inactive|hsa has 240 seconds left.
|c|☆THANOS BOOTY CLAP|test
|inactive|hsa has 210 seconds left.
|
|switch|p2a: big T|Snorlax, M|96\/100
|switch|p1a: Steelix|Steelix, M|54\/100
|-damage|p1a: Steelix|42\/100|[from] Spikes
|
|-heal|p2a: big T|100\/100|[from] item: Leftovers
|-heal|p1a: Steelix|48\/100|[from] item: Leftovers
|upkeep
|turn|119
|
|switch|p1a: Umbreon|Umbreon, M|83\/100
|-damage|p1a: Umbreon|70\/100|[from] Spikes
|move|p2a: big T|Return|p1a: Umbreon
|-damage|p1a: Umbreon|41\/100
|
|-heal|p1a: Umbreon|47\/100|[from] item: Leftovers
|upkeep
|turn|120
|
|move|p1a: Umbreon|Charm|p2a: big T
|-unboost|p2a: big T|atk|2
|move|p2a: big T|Return|p1a: Umbreon
|-damage|p1a: Umbreon|31\/100
|
|-heal|p1a: Umbreon|37\/100|[from] item: Leftovers
|upkeep
|turn|121
|inactive|hsa has 180 seconds left.
|
|switch|p2a: Fortnite Main|Skarmory, M|85\/100
|move|p1a: Umbreon|Rest|p1a: Umbreon
|-status|p1a: Umbreon|slp
|-heal|p1a: Umbreon|100\/100 slp|[silent]
|-status|p1a: Umbreon|slp|[from] move: Rest
|
|-heal|p2a: Fortnite Main|91\/100|[from] item: Leftovers
|upkeep
|turn|122
|
|move|p2a: Fortnite Main|Drill Peck|p1a: Umbreon
|-damage|p1a: Umbreon|82\/100 slp
|cant|p1a: Umbreon|slp
|
|-heal|p2a: Fortnite Main|97\/100|[from] item: Leftovers
|-heal|p1a: Umbreon|89\/100 slp|[from] item: Leftovers
|upkeep
|turn|123
|
|switch|p1a: Zapdos|Zapdos|74\/100
|move|p2a: Fortnite Main|Whirlwind|p1a: Zapdos
|drag|p1a: Steelix|Steelix, M|48\/100
|-damage|p1a: Steelix|36\/100|[from] Spikes
|
|-heal|p2a: Fortnite Main|100\/100|[from] item: Leftovers
|-heal|p1a: Steelix|42\/100|[from] item: Leftovers
|upkeep
|turn|124
|
|move|p2a: Fortnite Main|Drill Peck|p1a: Steelix
|-resisted|p1a: Steelix
|-damage|p1a: Steelix|34\/100
|move|p1a: Steelix|Curse|p1a: Steelix
|-unboost|p1a: Steelix|spe|1
|-boost|p1a: Steelix|atk|1
|-boost|p1a: Steelix|def|1
|
|-heal|p1a: Steelix|41\/100|[from] item: Leftovers
|upkeep
|turn|125
|
|move|p2a: Fortnite Main|Drill Peck|p1a: Steelix
|-resisted|p1a: Steelix
|-damage|p1a: Steelix|36\/100
|move|p1a: Steelix|Roar|p2a: Fortnite Main
|drag|p2a: UterusPiledriver|Piloswine, M|100\/100
|
|-heal|p1a: Steelix|42\/100|[from] item: Leftovers
|upkeep
|turn|126
|inactive|hsa has 150 seconds left.
|
|switch|p1a: Zapdos|Zapdos|74\/100
|move|p2a: UterusPiledriver|Earthquake|p1a: Zapdos
|-immune|p1a: Zapdos
|
|-heal|p1a: Zapdos|80\/100|[from] item: Leftovers
|upkeep
|turn|127
|inactive|hsa has 150 seconds left.
|
|switch|p1a: Umbreon|Umbreon, M|89\/100 slp
|-damage|p1a: Umbreon|76\/100 slp|[from] Spikes
|move|p2a: UterusPiledriver|Earthquake|p1a: Umbreon
|-damage|p1a: Umbreon|46\/100 slp
|
|-heal|p1a: Umbreon|52\/100 slp|[from] item: Leftovers
|upkeep
|turn|128
|
|cant|p1a: Umbreon|slp
|move|p1a: Umbreon|Sleep Talk|p1a: Umbreon
|move|p1a: Umbreon|Pursuit|p2a: UterusPiledriver|[from]Sleep Talk
|-damage|p2a: UterusPiledriver|88\/100
|move|p2a: UterusPiledriver|Earthquake|p1a: Umbreon
|-damage|p1a: Umbreon|24\/100 slp
|
|-heal|p1a: Umbreon|30\/100 slp|[from] item: Leftovers
|-heal|p2a: UterusPiledriver|94\/100|[from] item: Leftovers
|upkeep
|turn|129
|
|switch|p2a: 3x(9-3)|Forretress, M|54\/100
|-curestatus|p1a: Umbreon|slp|[msg]
|move|p1a: Umbreon|Rest|p1a: Umbreon
|-status|p1a: Umbreon|slp
|-heal|p1a: Umbreon|100\/100 slp|[silent]
|-status|p1a: Umbreon|slp|[from] move: Rest
|
|-heal|p2a: 3x(9-3)|60\/100|[from] item: Leftovers
|upkeep
|turn|130
|
|switch|p2a: big T|Snorlax, M|100\/100
|cant|p1a: Umbreon|slp
|move|p1a: Umbreon|Sleep Talk|p1a: Umbreon
|move|p1a: Umbreon|Rest|p1a: Umbreon|[from]Sleep Talk
|-fail|p1a: Umbreon
|
|upkeep
|turn|131
|
|cant|p1a: Umbreon|slp
|move|p2a: big T|Return|p1a: Umbreon
|-crit|p1a: Umbreon
|-damage|p1a: Umbreon|40\/100 slp
|
|-heal|p1a: Umbreon|46\/100 slp|[from] item: Leftovers
|upkeep
|turn|132
|
|-curestatus|p1a: Umbreon|slp|[msg]
|move|p1a: Umbreon|Charm|p2a: big T
|-unboost|p2a: big T|atk|2
|move|p2a: big T|Return|p1a: Umbreon
|-damage|p1a: Umbreon|31\/100
|
|-heal|p1a: Umbreon|37\/100|[from] item: Leftovers
|upkeep
|turn|133
|
|switch|p2a: 3x(9-3)|Forretress, M|60\/100
|move|p1a: Umbreon|Rest|p1a: Umbreon
|-status|p1a: Umbreon|slp
|-heal|p1a: Umbreon|100\/100 slp|[silent]
|-status|p1a: Umbreon|slp|[from] move: Rest
|
|-heal|p2a: 3x(9-3)|66\/100|[from] item: Leftovers
|upkeep
|turn|134
|
|switch|p2a: big T|Snorlax, M|100\/100
|cant|p1a: Umbreon|slp
|
|upkeep
|turn|135
|
|switch|p2a: 3x(9-3)|Forretress, M|66\/100
|cant|p1a: Umbreon|slp
|
|-heal|p2a: 3x(9-3)|72\/100|[from] item: Leftovers
|upkeep
|turn|136
|inactive|hsa has 180 seconds left.
|
|switch|p1a: Zapdos|Zapdos|80\/100
|move|p2a: 3x(9-3)|Toxic|p1a: Zapdos
|-status|p1a: Zapdos|tox
|
|-heal|p1a: Zapdos|86\/100 tox|[from] item: Leftovers
|-heal|p2a: 3x(9-3)|78\/100|[from] item: Leftovers
|upkeep
|turn|137
|inactive|hsa has 180 seconds left.
|
|switch|p1a: Snorlax|Snorlax, M|100\/100 tox
|-status|p1a: Snorlax|psn
|-damage|p1a: Snorlax|88\/100 psn|[from] Spikes
|-damage|p1a: Snorlax|76\/100 psn|[from] psn
|switch|p2a: UterusPiledriver|Piloswine, M|94\/100
|
|-heal|p2a: UterusPiledriver|100\/100|[from] item: Leftovers
|-heal|p1a: Snorlax|82\/100 psn|[from] item: Leftovers
|upkeep
|turn|138
|
|move|p2a: UterusPiledriver|Earthquake|p1a: Snorlax
|-damage|p1a: Snorlax|55\/100 psn
|move|p1a: Snorlax|Curse|p1a: Snorlax
|-unboost|p1a: Snorlax|spe|1
|-boost|p1a: Snorlax|atk|1
|-boost|p1a: Snorlax|def|1
|-damage|p1a: Snorlax|42\/100 psn|[from] psn|[of] p2a: UterusPiledriver
|
|-heal|p1a: Snorlax|48\/100 psn|[from] item: Leftovers
|upkeep
|turn|139
|
|switch|p2a: McFucknasty|Misdreavus, F|45\/100
|move|p1a: Snorlax|Rest|p1a: Snorlax
|-status|p1a: Snorlax|slp
|-heal|p1a: Snorlax|100\/100 slp|[silent]
|-status|p1a: Snorlax|slp|[from] move: Rest
|
|-heal|p2a: McFucknasty|52\/100|[from] item: Leftovers
|upkeep
|turn|140
|
|switch|p1a: Steelix|Steelix, M|42\/100
|-damage|p1a: Steelix|30\/100|[from] Spikes
|move|p2a: McFucknasty|Pain Split|p1a: Steelix
|-sethp|p1a: Steelix|38\/100|p2a: McFucknasty|42\/100|[from] move: Pain Split
|
|-heal|p2a: McFucknasty|48\/100|[from] item: Leftovers
|-heal|p1a: Steelix|45\/100|[from] item: Leftovers
|upkeep
|turn|141
|
|switch|p2a: UterusPiledriver|Piloswine, M|100\/100
|switch|p1a: Zapdos|Zapdos|86\/100 tox
|-status|p1a: Zapdos|psn
|-damage|p1a: Zapdos|74\/100 psn|[from] psn
|
|-heal|p1a: Zapdos|80\/100 psn|[from] item: Leftovers
|upkeep
|turn|142
|
|move|p1a: Zapdos|Hidden Power|p2a: UterusPiledriver
|-damage|p2a: UterusPiledriver|78\/100
|-damage|p1a: Zapdos|68\/100 psn|[from] psn|[of] p2a: UterusPiledriver
|move|p2a: UterusPiledriver|Ice Beam|p1a: Zapdos
|-supereffective|p1a: Zapdos
|-damage|p1a: Zapdos|21\/100 psn
|
|-heal|p1a: Zapdos|27\/100 psn|[from] item: Leftovers
|-heal|p2a: UterusPiledriver|84\/100|[from] item: Leftovers
|upkeep
|turn|143
|
|move|p1a: Zapdos|Rest|p1a: Zapdos
|-status|p1a: Zapdos|slp
|-heal|p1a: Zapdos|100\/100 slp|[silent]
|-status|p1a: Zapdos|slp|[from] move: Rest
|move|p2a: UterusPiledriver|Ice Beam|p1a: Zapdos
|-supereffective|p1a: Zapdos
|-damage|p1a: Zapdos|56\/100 slp
|
|-heal|p1a: Zapdos|62\/100 slp|[from] item: Leftovers
|-heal|p2a: UterusPiledriver|90\/100|[from] item: Leftovers
|upkeep
|turn|144
|
|switch|p1a: Umbreon|Umbreon, M|100\/100 slp
|-damage|p1a: Umbreon|88\/100 slp|[from] Spikes
|switch|p2a: big T|Snorlax, M|100\/100
|
|-heal|p1a: Umbreon|94\/100 slp|[from] item: Leftovers
|upkeep
|turn|145
|
|switch|p1a: Zapdos|Zapdos|62\/100 slp
|switch|p2a: UterusPiledriver|Piloswine, M|90\/100
|
|-heal|p1a: Zapdos|68\/100 slp|[from] item: Leftovers
|-heal|p2a: UterusPiledriver|96\/100|[from] item: Leftovers
|upkeep
|turn|146
|
|switch|p1a: Umbreon|Umbreon, M|94\/100 slp
|-damage|p1a: Umbreon|82\/100 slp|[from] Spikes
|switch|p2a: big T|Snorlax, M|100\/100
|
|-heal|p1a: Umbreon|88\/100 slp|[from] item: Leftovers
|upkeep
|turn|147
|inactive|hsa has 180 seconds left.
|
|switch|p2a: UterusPiledriver|Piloswine, M|96\/100
|-curestatus|p1a: Umbreon|slp|[msg]
|move|p1a: Umbreon|Charm|p2a: UterusPiledriver
|-unboost|p2a: UterusPiledriver|atk|2
|
|-heal|p1a: Umbreon|94\/100|[from] item: Leftovers
|-heal|p2a: UterusPiledriver|100\/100|[from] item: Leftovers
|upkeep
|turn|148
|inactive|hsa has 180 seconds left.
|
|move|p1a: Umbreon|Pursuit|p2a: UterusPiledriver
|-damage|p2a: UterusPiledriver|88\/100
|move|p2a: UterusPiledriver|Ice Beam|p1a: Umbreon
|-damage|p1a: Umbreon|77\/100
|
|-heal|p1a: Umbreon|83\/100|[from] item: Leftovers
|-heal|p2a: UterusPiledriver|94\/100|[from] item: Leftovers
|upkeep
|turn|149
|inactive|hsa has 180 seconds left.
|
|switch|p1a: Snorlax|Snorlax, M|100\/100 slp
|-damage|p1a: Snorlax|88\/100 slp|[from] Spikes
|switch|p2a: big T|Snorlax, M|100\/100
|
|-heal|p1a: Snorlax|94\/100 slp|[from] item: Leftovers
|upkeep
|turn|150
|
|switch|p1a: Umbreon|Umbreon, M|83\/100
|-damage|p1a: Umbreon|70\/100|[from] Spikes
|move|p2a: big T|Return|p1a: Umbreon
|-damage|p1a: Umbreon|42\/100
|
|-heal|p1a: Umbreon|48\/100|[from] item: Leftovers
|upkeep
|turn|151
|
|move|p1a: Umbreon|Charm|p2a: big T
|-unboost|p2a: big T|atk|2
|move|p2a: big T|Return|p1a: Umbreon
|-damage|p1a: Umbreon|34\/100
|
|-heal|p1a: Umbreon|40\/100|[from] item: Leftovers
|upkeep
|turn|152
|
|switch|p2a: UterusPiledriver|Piloswine, M|94\/100
|move|p1a: Umbreon|Rest|p1a: Umbreon
|-status|p1a: Umbreon|slp
|-heal|p1a: Umbreon|100\/100 slp|[silent]
|-status|p1a: Umbreon|slp|[from] move: Rest
|
|-heal|p2a: UterusPiledriver|99\/100|[from] item: Leftovers
|upkeep
|turn|153
|
|switch|p2a: big T|Snorlax, M|100\/100
|cant|p1a: Umbreon|slp
|
|upkeep
|turn|154
|
|switch|p2a: UterusPiledriver|Piloswine, M|99\/100
|cant|p1a: Umbreon|slp
|
|-heal|p2a: UterusPiledriver|100\/100|[from] item: Leftovers
|upkeep
|turn|155
|
|-curestatus|p1a: Umbreon|slp|[msg]
|move|p1a: Umbreon|Pursuit|p2a: UterusPiledriver
|-damage|p2a: UterusPiledriver|88\/100
|move|p2a: UterusPiledriver|Ice Beam|p1a: Umbreon
|-crit|p1a: Umbreon
|-damage|p1a: Umbreon|69\/100
|
|-heal|p1a: Umbreon|75\/100|[from] item: Leftovers
|-heal|p2a: UterusPiledriver|94\/100|[from] item: Leftovers
|upkeep
|turn|156
|
|-activate|p2a: UterusPiledriver|move: Pursuit
|move|p1a: Umbreon|Pursuit|p2a: UterusPiledriver|[from]Pursuit
|-crit|p2a: UterusPiledriver
|-damage|p2a: UterusPiledriver|50\/100
|switch|p2a: Fortnite Main|Skarmory, M|100\/100
|
|-heal|p1a: Umbreon|81\/100|[from] item: Leftovers
|upkeep
|turn|157
|
|switch|p2a: UterusPiledriver|Piloswine, M|50\/100
|switch|p1a: Zapdos|Zapdos|68\/100 slp
|
|-heal|p1a: Zapdos|74\/100 slp|[from] item: Leftovers
|-heal|p2a: UterusPiledriver|57\/100|[from] item: Leftovers
|upkeep
|turn|158
|
|switch|p1a: Snorlax|Snorlax, M|94\/100 slp
|-damage|p1a: Snorlax|82\/100 slp|[from] Spikes
|move|p2a: UterusPiledriver|Ice Beam|p1a: Snorlax
|-damage|p1a: Snorlax|68\/100 slp
|
|-heal|p2a: UterusPiledriver|63\/100|[from] item: Leftovers
|-heal|p1a: Snorlax|74\/100 slp|[from] item: Leftovers
|upkeep
|turn|159
|
|switch|p1a: Zapdos|Zapdos|74\/100 slp
|move|p2a: UterusPiledriver|Earthquake|p1a: Zapdos
|-immune|p1a: Zapdos
|
|-heal|p1a: Zapdos|80\/100 slp|[from] item: Leftovers
|-heal|p2a: UterusPiledriver|69\/100|[from] item: Leftovers
|upkeep
|turn|160
|inactive|hsa has 210 seconds left.
|
|switch|p1a: Umbreon|Umbreon, M|81\/100
|-damage|p1a: Umbreon|68\/100|[from] Spikes
|switch|p2a: big T|Snorlax, M|100\/100
|
|-heal|p1a: Umbreon|75\/100|[from] item: Leftovers
|upkeep
|turn|161
|inactive|hsa has 210 seconds left.
|
|-activate|p2a: big T|move: Pursuit
|move|p1a: Umbreon|Pursuit|p2a: big T|[from]Pursuit
|-damage|p2a: big T|88\/100
|switch|p2a: Fortnite Main|Skarmory, M|100\/100
|
|-heal|p1a: Umbreon|81\/100|[from] item: Leftovers
|upkeep
|turn|162
|inactive|hsa has 210 seconds left.
|
|move|p2a: Fortnite Main|Drill Peck|p1a: Umbreon
|-damage|p1a: Umbreon|62\/100
|move|p1a: Umbreon|Charm|p2a: Fortnite Main
|-unboost|p2a: Fortnite Main|atk|2
|
|-heal|p1a: Umbreon|68\/100|[from] item: Leftovers
|upkeep
|turn|163
|
|move|p1a: Umbreon|Charm|p2a: Fortnite Main
|-unboost|p2a: Fortnite Main|atk|2
|move|p2a: Fortnite Main|Whirlwind|p1a: Umbreon
|drag|p1a: Steelix|Steelix, M|45\/100
|-damage|p1a: Steelix|32\/100|[from] Spikes
|
|-heal|p1a: Steelix|38\/100|[from] item: Leftovers
|upkeep
|turn|164
|
|move|p2a: Fortnite Main|Whirlwind|p1a: Steelix
|-fail|p1a: Steelix
|move|p1a: Steelix|Roar|p2a: Fortnite Main
|drag|p2a: UterusPiledriver|Piloswine, M|69\/100
|
|-heal|p2a: UterusPiledriver|75\/100|[from] item: Leftovers
|-heal|p1a: Steelix|45\/100|[from] item: Leftovers
|upkeep
|turn|165
|
|move|p2a: UterusPiledriver|Earthquake|p1a: Steelix
|-supereffective|p1a: Steelix
|-damage|p1a: Steelix|6\/100
|move|p1a: Steelix|Explosion|p2a: UterusPiledriver
|-damage|p2a: UterusPiledriver|0 fnt
|faint|p1a: Steelix
|faint|p2a: UterusPiledriver
|
|switch|p2a: big T|Snorlax, M|88\/100
|switch|p1a: Umbreon|Umbreon, M|68\/100
|-damage|p1a: Umbreon|55\/100|[from] Spikes
|
|-heal|p1a: Umbreon|61\/100|[from] item: Leftovers
|-heal|p2a: big T|94\/100|[from] item: Leftovers
|upkeep
|turn|166
|
|move|p1a: Umbreon|Charm|p2a: big T
|-unboost|p2a: big T|atk|2
|move|p2a: big T|Return|p1a: Umbreon
|-damage|p1a: Umbreon|47\/100
|
|-heal|p1a: Umbreon|53\/100|[from] item: Leftovers
|-heal|p2a: big T|99\/100|[from] item: Leftovers
|upkeep
|turn|167
|
|-activate|p2a: big T|move: Pursuit
|move|p1a: Umbreon|Pursuit|p2a: big T|[from]Pursuit
|-damage|p2a: big T|88\/100
|switch|p2a: Fortnite Main|Skarmory, M|100\/100
|
|-heal|p1a: Umbreon|59\/100|[from] item: Leftovers
|upkeep
|turn|168
|
|switch|p2a: big T|Snorlax, M|88\/100
|move|p1a: Umbreon|Rest|p1a: Umbreon
|-status|p1a: Umbreon|slp
|-heal|p1a: Umbreon|100\/100 slp|[silent]
|-status|p1a: Umbreon|slp|[from] move: Rest
|
|-heal|p2a: big T|95\/100|[from] item: Leftovers
|upkeep
|turn|169
|
|cant|p1a: Umbreon|slp
|move|p2a: big T|Curse|p2a: big T
|-unboost|p2a: big T|spe|1
|-boost|p2a: big T|atk|1
|-boost|p2a: big T|def|1
|
|-heal|p2a: big T|100\/100|[from] item: Leftovers
|upkeep
|turn|170
|
|cant|p1a: Umbreon|slp
|move|p1a: Umbreon|Sleep Talk|p1a: Umbreon
|move|p1a: Umbreon|Charm|p2a: big T|[from]Sleep Talk
|-unboost|p2a: big T|atk|2
|move|p2a: big T|Return|p1a: Umbreon
|-damage|p1a: Umbreon|81\/100 slp
|
|-heal|p1a: Umbreon|87\/100 slp|[from] item: Leftovers
|upkeep
|turn|171
|
|switch|p1a: Zapdos|Zapdos|80\/100 slp
|switch|p2a: Fortnite Main|Skarmory, M|100\/100
|
|-heal|p1a: Zapdos|86\/100 slp|[from] item: Leftovers
|upkeep
|turn|172
|
|switch|p2a: big T|Snorlax, M|100\/100
|cant|p1a: Zapdos|slp
|move|p1a: Zapdos|Sleep Talk|p1a: Zapdos
|move|p1a: Zapdos|Hidden Power|p2a: big T|[from]Sleep Talk
|-damage|p2a: big T|89\/100
|
|-heal|p1a: Zapdos|92\/100 slp|[from] item: Leftovers
|-heal|p2a: big T|95\/100|[from] item: Leftovers
|upkeep
|turn|173
|
|switch|p1a: Umbreon|Umbreon, M|87\/100 slp
|-damage|p1a: Umbreon|75\/100 slp|[from] Spikes
|move|p2a: big T|Return|p1a: Umbreon
|-damage|p1a: Umbreon|43\/100 slp
|
|-heal|p1a: Umbreon|49\/100 slp|[from] item: Leftovers
|-heal|p2a: big T|100\/100|[from] item: Leftovers
|upkeep
|turn|174
|
|-curestatus|p1a: Umbreon|slp|[msg]
|move|p1a: Umbreon|Charm|p2a: big T
|-unboost|p2a: big T|atk|2
|move|p2a: big T|Return|p1a: Umbreon
|-damage|p1a: Umbreon|35\/100
|
|-heal|p1a: Umbreon|41\/100|[from] item: Leftovers
|upkeep
|turn|175
|
|switch|p2a: Fortnite Main|Skarmory, M|100\/100
|move|p1a: Umbreon|Rest|p1a: Umbreon
|-status|p1a: Umbreon|slp
|-heal|p1a: Umbreon|100\/100 slp|[silent]
|-status|p1a: Umbreon|slp|[from] move: Rest
|
|upkeep
|turn|176
|
|switch|p2a: big T|Snorlax, M|100\/100
|cant|p1a: Umbreon|slp
|
|upkeep
|turn|177
|
|switch|p2a: 3x(9-3)|Forretress, M|78\/100
|cant|p1a: Umbreon|slp
|
|-heal|p2a: 3x(9-3)|84\/100|[from] item: Leftovers
|upkeep
|turn|178
|
|switch|p1a: Snorlax|Snorlax, M|74\/100 slp
|-damage|p1a: Snorlax|62\/100 slp|[from] Spikes
|switch|p2a: big T|Snorlax, M|100\/100
|
|-heal|p1a: Snorlax|68\/100 slp|[from] item: Leftovers
|upkeep
|turn|179
|
|switch|p1a: Umbreon|Umbreon, M|100\/100 slp
|-damage|p1a: Umbreon|88\/100 slp|[from] Spikes
|move|p2a: big T|Return|p1a: Umbreon
|-damage|p1a: Umbreon|59\/100 slp
|
|-heal|p1a: Umbreon|65\/100 slp|[from] item: Leftovers
|upkeep
|turn|180
|
|-activate|p2a: big T|move: Pursuit
|-curestatus|p1a: Umbreon|slp|[msg]
|move|p1a: Umbreon|Pursuit|p2a: big T|[from]Pursuit
|-damage|p2a: big T|87\/100
|switch|p2a: Fortnite Main|Skarmory, M|100\/100
|
|-heal|p1a: Umbreon|71\/100|[from] item: Leftovers
|upkeep
|turn|181
|
|switch|p2a: big T|Snorlax, M|87\/100
|move|p1a: Umbreon|Charm|p2a: big T
|-unboost|p2a: big T|atk|2
|
|-heal|p1a: Umbreon|77\/100|[from] item: Leftovers
|-heal|p2a: big T|94\/100|[from] item: Leftovers
|upkeep
|turn|182
|
|switch|p1a: Zapdos|Zapdos|92\/100 slp
|move|p2a: big T|Flamethrower|p1a: Zapdos
|-damage|p1a: Zapdos|76\/100 slp
|
|-heal|p1a: Zapdos|82\/100 slp|[from] item: Leftovers
|-heal|p2a: big T|99\/100|[from] item: Leftovers
|upkeep
|turn|183
|inactive|hsa has 270 seconds left.
|
|cant|p1a: Zapdos|slp
|move|p1a: Zapdos|Sleep Talk|p1a: Zapdos
|move|p1a: Zapdos|Rest|p1a: Zapdos|[from]Sleep Talk
|-heal|p1a: Zapdos|100\/100 slp|[silent]
|-status|p1a: Zapdos|slp|[from] move: Rest
|move|p2a: big T|Curse|p2a: big T
|-unboost|p2a: big T|spe|1
|-boost|p2a: big T|atk|1
|-boost|p2a: big T|def|1
|
|-heal|p2a: big T|100\/100|[from] item: Leftovers
|upkeep
|turn|184
|inactive|hsa has 270 seconds left.
|
|switch|p1a: Umbreon|Umbreon, M|77\/100
|-damage|p1a: Umbreon|65\/100|[from] Spikes
|move|p2a: big T|Curse|p2a: big T
|-unboost|p2a: big T|spe|1
|-boost|p2a: big T|atk|1
|-boost|p2a: big T|def|1
|
|-heal|p1a: Umbreon|71\/100|[from] item: Leftovers
|upkeep
|turn|185
|inactive|hsa has 270 seconds left.
|
|switch|p2a: Fortnite Main|Skarmory, M|100\/100
|move|p1a: Umbreon|Charm|p2a: Fortnite Main
|-unboost|p2a: Fortnite Main|atk|2
|
|-heal|p1a: Umbreon|77\/100|[from] item: Leftovers
|upkeep
|turn|186
|
|-activate|p2a: Fortnite Main|move: Pursuit
|move|p1a: Umbreon|Pursuit|p2a: Fortnite Main|[from]Pursuit
|-resisted|p2a: Fortnite Main
|-damage|p2a: Fortnite Main|87\/100
|switch|p2a: 3x(9-3)|Forretress, M|84\/100
|
|-heal|p1a: Umbreon|83\/100|[from] item: Leftovers
|-heal|p2a: 3x(9-3)|90\/100|[from] item: Leftovers
|upkeep
|turn|187
|
|switch|p1a: Zapdos|Zapdos|100\/100 slp
|switch|p2a: big T|Snorlax, M|100\/100
|
|upkeep
|turn|188
|
|switch|p1a: Umbreon|Umbreon, M|83\/100
|-damage|p1a: Umbreon|71\/100|[from] Spikes
|move|p2a: big T|Flamethrower|p1a: Umbreon
|-damage|p1a: Umbreon|58\/100
|
|-heal|p1a: Umbreon|64\/100|[from] item: Leftovers
|upkeep
|turn|189
|inactive|THANOS BOOTY CLAP has 270 seconds left.
|
|-activate|p2a: big T|move: Pursuit
|move|p1a: Umbreon|Pursuit|p2a: big T|[from]Pursuit
|-damage|p2a: big T|89\/100
|switch|p2a: 3x(9-3)|Forretress, M|90\/100
|
|-heal|p1a: Umbreon|70\/100|[from] item: Leftovers
|-heal|p2a: 3x(9-3)|96\/100|[from] item: Leftovers
|upkeep
|turn|190
|
|switch|p1a: Zapdos|Zapdos|100\/100 slp
|switch|p2a: big T|Snorlax, M|89\/100
|
|-heal|p2a: big T|95\/100|[from] item: Leftovers
|upkeep
|turn|191
|
|switch|p1a: Umbreon|Umbreon, M|70\/100
|-damage|p1a: Umbreon|58\/100|[from] Spikes
|move|p2a: big T|Return|p1a: Umbreon
|-damage|p1a: Umbreon|30\/100
|
|-heal|p1a: Umbreon|36\/100|[from] item: Leftovers
|-heal|p2a: big T|100\/100|[from] item: Leftovers
|upkeep
|turn|192
|
|move|p1a: Umbreon|Charm|p2a: big T
|-unboost|p2a: big T|atk|2
|move|p2a: big T|Return|p1a: Umbreon
|-damage|p1a: Umbreon|21\/100
|
|-heal|p1a: Umbreon|27\/100|[from] item: Leftovers
|upkeep
|turn|193
|
|switch|p2a: McFucknasty|Misdreavus, F|48\/100
|move|p1a: Umbreon|Rest|p1a: Umbreon
|-status|p1a: Umbreon|slp
|-heal|p1a: Umbreon|100\/100 slp|[silent]
|-status|p1a: Umbreon|slp|[from] move: Rest
|
|-heal|p2a: McFucknasty|54\/100|[from] item: Leftovers
|upkeep
|turn|194
|inactive|hsa has 270 seconds left.
|
|switch|p2a: big T|Snorlax, M|100\/100
|cant|p1a: Umbreon|slp
|
|upkeep
|turn|195
|
|switch|p1a: Zapdos|Zapdos|100\/100 slp
|move|p2a: big T|Flamethrower|p1a: Zapdos
|-damage|p1a: Zapdos|84\/100 slp
|
|-heal|p1a: Zapdos|90\/100 slp|[from] item: Leftovers
|upkeep
|turn|196
|
|switch|p1a: Umbreon|Umbreon, M|100\/100 slp
|-damage|p1a: Umbreon|88\/100 slp|[from] Spikes
|move|p2a: big T|Flamethrower|p1a: Umbreon
|-damage|p1a: Umbreon|75\/100 slp
|
|-heal|p1a: Umbreon|81\/100 slp|[from] item: Leftovers
|upkeep
|turn|197
|
|cant|p1a: Umbreon|slp
|move|p2a: big T|Flamethrower|p1a: Umbreon
|-damage|p1a: Umbreon|69\/100 slp
|
|-heal|p1a: Umbreon|75\/100 slp|[from] item: Leftovers
|upkeep
|turn|198
|
|switch|p1a: Zapdos|Zapdos|90\/100 slp
|move|p2a: big T|Flamethrower|p1a: Zapdos
|-damage|p1a: Zapdos|75\/100 slp
|
|-heal|p1a: Zapdos|81\/100 slp|[from] item: Leftovers
|upkeep
|turn|199
|
|switch|p1a: Umbreon|Umbreon, M|75\/100 slp
|-damage|p1a: Umbreon|63\/100 slp|[from] Spikes
|move|p2a: big T|Return|p1a: Umbreon
|-damage|p1a: Umbreon|33\/100 slp
|
|-heal|p1a: Umbreon|39\/100 slp|[from] item: Leftovers
|upkeep
|turn|200
|
|-curestatus|p1a: Umbreon|slp|[msg]
|move|p1a: Umbreon|Charm|p2a: big T
|-unboost|p2a: big T|atk|2
|move|p2a: big T|Return|p1a: Umbreon
|-damage|p1a: Umbreon|24\/100
|
|-heal|p1a: Umbreon|30\/100|[from] item: Leftovers
|upkeep
|turn|201
|
|switch|p2a: Fortnite Main|Skarmory, M|87\/100
|move|p1a: Umbreon|Rest|p1a: Umbreon
|-status|p1a: Umbreon|slp
|-heal|p1a: Umbreon|100\/100 slp|[silent]
|-status|p1a: Umbreon|slp|[from] move: Rest
|
|-heal|p2a: Fortnite Main|93\/100|[from] item: Leftovers
|upkeep
|turn|202
|
|switch|p1a: Zapdos|Zapdos|81\/100 slp
|move|p2a: Fortnite Main|Curse|p2a: Fortnite Main
|-unboost|p2a: Fortnite Main|spe|1
|-boost|p2a: Fortnite Main|atk|1
|-boost|p2a: Fortnite Main|def|1
|
|-heal|p1a: Zapdos|87\/100 slp|[from] item: Leftovers
|-heal|p2a: Fortnite Main|99\/100|[from] item: Leftovers
|upkeep
|turn|203
|
|switch|p2a: big T|Snorlax, M|100\/100
|cant|p1a: Zapdos|slp
|move|p1a: Zapdos|Sleep Talk|p1a: Zapdos
|move|p1a: Zapdos|Hidden Power|p2a: big T|[from]Sleep Talk
|-damage|p2a: big T|88\/100
|
|-heal|p1a: Zapdos|93\/100 slp|[from] item: Leftovers
|-heal|p2a: big T|95\/100|[from] item: Leftovers
|upkeep
|turn|204
|
|switch|p1a: Umbreon|Umbreon, M|100\/100 slp
|-damage|p1a: Umbreon|88\/100 slp|[from] Spikes
|move|p2a: big T|Curse|p2a: big T
|-unboost|p2a: big T|spe|1
|-boost|p2a: big T|atk|1
|-boost|p2a: big T|def|1
|
|-heal|p1a: Umbreon|94\/100 slp|[from] item: Leftovers
|-heal|p2a: big T|100\/100|[from] item: Leftovers
|upkeep
|turn|205
|
|cant|p1a: Umbreon|slp
|move|p1a: Umbreon|Sleep Talk|p1a: Umbreon
|move|p1a: Umbreon|Rest|p1a: Umbreon|[from]Sleep Talk
|-heal|p1a: Umbreon|100\/100 slp|[silent]
|-status|p1a: Umbreon|slp|[from] move: Rest
|move|p2a: big T|Return|p1a: Umbreon
|-damage|p1a: Umbreon|56\/100 slp
|
|-heal|p1a: Umbreon|62\/100 slp|[from] item: Leftovers
|upkeep
|turn|206
|
|cant|p1a: Umbreon|slp
|move|p1a: Umbreon|Sleep Talk|p1a: Umbreon
|move|p1a: Umbreon|Charm|p2a: big T|[from]Sleep Talk
|-unboost|p2a: big T|atk|2
|move|p2a: big T|Return|p1a: Umbreon
|-damage|p1a: Umbreon|42\/100 slp
|
|-heal|p1a: Umbreon|48\/100 slp|[from] item: Leftovers
|upkeep
|turn|207
|
|switch|p2a: Fortnite Main|Skarmory, M|99\/100
|cant|p1a: Umbreon|slp
|
|-heal|p2a: Fortnite Main|100\/100|[from] item: Leftovers
|-heal|p1a: Umbreon|54\/100 slp|[from] item: Leftovers
|upkeep
|turn|208
|
|switch|p2a: big T|Snorlax, M|100\/100
|-curestatus|p1a: Umbreon|slp|[msg]
|move|p1a: Umbreon|Charm|p2a: big T
|-unboost|p2a: big T|atk|2
|
|-heal|p1a: Umbreon|61\/100|[from] item: Leftovers
|upkeep
|turn|209
|
|-activate|p2a: big T|move: Pursuit
|move|p1a: Umbreon|Pursuit|p2a: big T|[from]Pursuit
|-damage|p2a: big T|88\/100
|switch|p2a: Fortnite Main|Skarmory, M|100\/100
|
|-heal|p1a: Umbreon|67\/100|[from] item: Leftovers
|upkeep
|turn|210
|
|switch|p2a: big T|Snorlax, M|88\/100
|switch|p1a: Zapdos|Zapdos|93\/100 slp
|
|-heal|p1a: Zapdos|99\/100 slp|[from] item: Leftovers
|-heal|p2a: big T|95\/100|[from] item: Leftovers
|upkeep
|turn|211
|
|switch|p1a: Umbreon|Umbreon, M|67\/100
|-damage|p1a: Umbreon|54\/100|[from] Spikes
|move|p2a: big T|Return|p1a: Umbreon
|-damage|p1a: Umbreon|24\/100
|
|-heal|p1a: Umbreon|30\/100|[from] item: Leftovers
|-heal|p2a: big T|100\/100|[from] item: Leftovers
|upkeep
|turn|212
|
|move|p1a: Umbreon|Charm|p2a: big T
|-unboost|p2a: big T|atk|2
|move|p2a: big T|Return|p1a: Umbreon
|-damage|p1a: Umbreon|15\/100
|
|-heal|p1a: Umbreon|21\/100|[from] item: Leftovers
|upkeep
|turn|213
|
|switch|p2a: McFucknasty|Misdreavus, F|54\/100
|move|p1a: Umbreon|Rest|p1a: Umbreon
|-status|p1a: Umbreon|slp
|-heal|p1a: Umbreon|100\/100 slp|[silent]
|-status|p1a: Umbreon|slp|[from] move: Rest
|
|-heal|p2a: McFucknasty|61\/100|[from] item: Leftovers
|upkeep
|turn|214
|
|switch|p2a: big T|Snorlax, M|100\/100
|switch|p1a: Zapdos|Zapdos|99\/100 slp
|
|-heal|p1a: Zapdos|100\/100 slp|[from] item: Leftovers
|upkeep
|turn|215
|
|switch|p1a: Umbreon|Umbreon, M|100\/100 slp
|-damage|p1a: Umbreon|88\/100 slp|[from] Spikes
|move|p2a: big T|Curse|p2a: big T
|-unboost|p2a: big T|spe|1
|-boost|p2a: big T|atk|1
|-boost|p2a: big T|def|1
|
|-heal|p1a: Umbreon|94\/100 slp|[from] item: Leftovers
|upkeep
|turn|216
|
|cant|p1a: Umbreon|slp
|move|p1a: Umbreon|Sleep Talk|p1a: Umbreon
|move|p1a: Umbreon|Rest|p1a: Umbreon|[from]Sleep Talk
|-heal|p1a: Umbreon|100\/100 slp|[silent]
|-status|p1a: Umbreon|slp|[from] move: Rest
|move|p2a: big T|Return|p1a: Umbreon
|-damage|p1a: Umbreon|56\/100 slp
|
|-heal|p1a: Umbreon|62\/100 slp|[from] item: Leftovers
|upkeep
|turn|217
|
|cant|p1a: Umbreon|slp
|move|p1a: Umbreon|Sleep Talk|p1a: Umbreon
|move|p1a: Umbreon|Charm|p2a: big T|[from]Sleep Talk
|-unboost|p2a: big T|atk|2
|move|p2a: big T|Flamethrower|p1a: Umbreon
|-damage|p1a: Umbreon|50\/100 slp
|
|-heal|p1a: Umbreon|56\/100 slp|[from] item: Leftovers
|upkeep
|turn|218
|
|switch|p2a: Fortnite Main|Skarmory, M|100\/100
|cant|p1a: Umbreon|slp
|
|-heal|p1a: Umbreon|62\/100 slp|[from] item: Leftovers
|upkeep
|turn|219
|
|switch|p2a: 3x(9-3)|Forretress, M|96\/100
|-curestatus|p1a: Umbreon|slp|[msg]
|move|p1a: Umbreon|Charm|p2a: 3x(9-3)
|-unboost|p2a: 3x(9-3)|atk|2
|
|-heal|p1a: Umbreon|68\/100|[from] item: Leftovers
|-heal|p2a: 3x(9-3)|100\/100|[from] item: Leftovers
|upkeep
|turn|220
|
|switch|p1a: Zapdos|Zapdos|100\/100 slp
|move|p2a: 3x(9-3)|Toxic||[still]
|-fail|p2a: 3x(9-3)
|
|upkeep
|turn|221
|
|switch|p2a: big T|Snorlax, M|100\/100
|cant|p1a: Zapdos|slp
|move|p1a: Zapdos|Sleep Talk|p1a: Zapdos
|move|p1a: Zapdos|Rest|p1a: Zapdos|[from]Sleep Talk
|-fail|p1a: Zapdos
|
|upkeep
|turn|222
|
|switch|p1a: Umbreon|Umbreon, M|68\/100
|-damage|p1a: Umbreon|56\/100|[from] Spikes
|move|p2a: big T|Curse|p2a: big T
|-unboost|p2a: big T|spe|1
|-boost|p2a: big T|atk|1
|-boost|p2a: big T|def|1
|
|-heal|p1a: Umbreon|62\/100|[from] item: Leftovers
|upkeep
|turn|223
|
|move|p1a: Umbreon|Charm|p2a: big T
|-unboost|p2a: big T|atk|2
|move|p2a: big T|Flamethrower|p1a: Umbreon
|-damage|p1a: Umbreon|49\/100
|
|-heal|p1a: Umbreon|55\/100|[from] item: Leftovers
|upkeep
|turn|224
|
|switch|p1a: Zapdos|Zapdos|100\/100 slp
|switch|p2a: 3x(9-3)|Forretress, M|100\/100
|
|upkeep
|turn|225
|
|-curestatus|p1a: Zapdos|slp|[msg]
|move|p1a: Zapdos|Thunder|p2a: 3x(9-3)
|-damage|p2a: 3x(9-3)|27\/100
|move|p2a: 3x(9-3)|Toxic|p1a: Zapdos
|-status|p1a: Zapdos|tox
|
|-heal|p2a: 3x(9-3)|33\/100|[from] item: Leftovers
|upkeep
|turn|226
|
|switch|p2a: big T|Snorlax, M|100\/100
|move|p1a: Zapdos|Thunder|p2a: big T|[miss]
|-miss|p1a: Zapdos
|-damage|p1a: Zapdos|94\/100 tox|[from] psn|[of] p2a: big T
|
|-heal|p1a: Zapdos|100\/100 tox|[from] item: Leftovers
|upkeep
|turn|227
|
|switch|p1a: Umbreon|Umbreon, M|55\/100
|-damage|p1a: Umbreon|43\/100|[from] Spikes
|move|p2a: big T|Curse|p2a: big T
|-unboost|p2a: big T|spe|1
|-boost|p2a: big T|atk|1
|-boost|p2a: big T|def|1
|
|-heal|p1a: Umbreon|49\/100|[from] item: Leftovers
|upkeep
|turn|228
|
|move|p1a: Umbreon|Charm|p2a: big T
|-unboost|p2a: big T|atk|2
|move|p2a: big T|Return|p1a: Umbreon
|-damage|p1a: Umbreon|29\/100
|
|-heal|p1a: Umbreon|35\/100|[from] item: Leftovers
|upkeep
|turn|229
|
|-activate|p2a: big T|move: Pursuit
|move|p1a: Umbreon|Pursuit|p2a: big T|[from]Pursuit
|-damage|p2a: big T|89\/100
|switch|p2a: 3x(9-3)|Forretress, M|33\/100
|
|-heal|p1a: Umbreon|41\/100|[from] item: Leftovers
|-heal|p2a: 3x(9-3)|39\/100|[from] item: Leftovers
|upkeep
|turn|230
|
|switch|p2a: big T|Snorlax, M|89\/100
|move|p1a: Umbreon|Charm|p2a: big T
|-unboost|p2a: big T|atk|2
|
|-heal|p1a: Umbreon|47\/100|[from] item: Leftovers
|-heal|p2a: big T|95\/100|[from] item: Leftovers
|upkeep
|turn|231
|
|move|p1a: Umbreon|Pursuit|p2a: big T
|-damage|p2a: big T|89\/100
|move|p2a: big T|Flamethrower|p1a: Umbreon
|-crit|p1a: Umbreon
|-damage|p1a: Umbreon|25\/100
|
|-heal|p1a: Umbreon|32\/100|[from] item: Leftovers
|-heal|p2a: big T|95\/100|[from] item: Leftovers
|upkeep
|turn|232
|
|-activate|p2a: big T|move: Pursuit
|move|p1a: Umbreon|Pursuit|p2a: big T|[from]Pursuit
|-damage|p2a: big T|82\/100
|switch|p2a: 3x(9-3)|Forretress, M|39\/100
|
|-heal|p1a: Umbreon|38\/100|[from] item: Leftovers
|-heal|p2a: 3x(9-3)|45\/100|[from] item: Leftovers
|upkeep
|turn|233
|
|switch|p2a: big T|Snorlax, M|82\/100
|move|p1a: Umbreon|Charm|p2a: big T
|-unboost|p2a: big T|atk|2
|
|-heal|p1a: Umbreon|44\/100|[from] item: Leftovers
|-heal|p2a: big T|88\/100|[from] item: Leftovers
|upkeep
|turn|234
|
|move|p1a: Umbreon|Pursuit|p2a: big T
|-damage|p2a: big T|81\/100
|move|p2a: big T|Flamethrower|p1a: Umbreon
|-damage|p1a: Umbreon|31\/100
|
|-heal|p1a: Umbreon|37\/100|[from] item: Leftovers
|-heal|p2a: big T|87\/100|[from] item: Leftovers
|upkeep
|turn|235
|
|move|p1a: Umbreon|Pursuit|p2a: big T
|-damage|p2a: big T|81\/100
|move|p2a: big T|Return|p1a: Umbreon
|-damage|p1a: Umbreon|22\/100
|
|-heal|p1a: Umbreon|28\/100|[from] item: Leftovers
|-heal|p2a: big T|87\/100|[from] item: Leftovers
|upkeep
|turn|236
|
|-activate|p2a: big T|move: Pursuit
|move|p1a: Umbreon|Pursuit|p2a: big T|[from]Pursuit
|-damage|p2a: big T|76\/100
|switch|p2a: 3x(9-3)|Forretress, M|45\/100
|
|-heal|p1a: Umbreon|34\/100|[from] item: Leftovers
|-heal|p2a: 3x(9-3)|52\/100|[from] item: Leftovers
|upkeep
|turn|237
|
|switch|p2a: big T|Snorlax, M|76\/100
|move|p1a: Umbreon|Rest|p1a: Umbreon
|-status|p1a: Umbreon|slp
|-heal|p1a: Umbreon|100\/100 slp|[silent]
|-status|p1a: Umbreon|slp|[from] move: Rest
|
|-heal|p2a: big T|82\/100|[from] item: Leftovers
|upkeep
|turn|238
|
|cant|p1a: Umbreon|slp
|move|p2a: big T|Curse|p2a: big T
|-unboost|p2a: big T|spe|1
|-boost|p2a: big T|atk|1
|-boost|p2a: big T|def|1
|
|-heal|p2a: big T|88\/100|[from] item: Leftovers
|upkeep
|turn|239
|
|cant|p1a: Umbreon|slp
|move|p1a: Umbreon|Sleep Talk|p1a: Umbreon
|move|p1a: Umbreon|Pursuit|p2a: big T|[from]Sleep Talk
|-damage|p2a: big T|81\/100
|move|p2a: big T|Flamethrower|p1a: Umbreon
|-damage|p1a: Umbreon|89\/100 slp
|
|-heal|p1a: Umbreon|95\/100 slp|[from] item: Leftovers
|-heal|p2a: big T|87\/100|[from] item: Leftovers
|upkeep
|turn|240
|
|switch|p2a: 3x(9-3)|Forretress, M|52\/100
|-curestatus|p1a: Umbreon|slp|[msg]
|move|p1a: Umbreon|Charm|p2a: 3x(9-3)
|-unboost|p2a: 3x(9-3)|atk|2
|
|-heal|p1a: Umbreon|100\/100|[from] item: Leftovers
|-heal|p2a: 3x(9-3)|58\/100|[from] item: Leftovers
|upkeep
|turn|241
|
|switch|p1a: Zapdos|Zapdos|100\/100 tox
|-status|p1a: Zapdos|psn
|-damage|p1a: Zapdos|88\/100 psn|[from] psn
|move|p2a: 3x(9-3)|Toxic||[still]
|-fail|p2a: 3x(9-3)
|
|-heal|p1a: Zapdos|94\/100 psn|[from] item: Leftovers
|-heal|p2a: 3x(9-3)|64\/100|[from] item: Leftovers
|upkeep
|turn|242
|
|switch|p2a: big T|Snorlax, M|87\/100
|move|p1a: Zapdos|Thunder|p2a: big T|[miss]
|-miss|p1a: Zapdos
|-damage|p1a: Zapdos|82\/100 psn|[from] psn|[of] p2a: big T
|
|-heal|p1a: Zapdos|88\/100 psn|[from] item: Leftovers
|-heal|p2a: big T|93\/100|[from] item: Leftovers
|upkeep
|turn|243
|
|move|p1a: Zapdos|Thunder|p2a: big T
|-damage|p2a: big T|66\/100
|-status|p2a: big T|par
|-damage|p1a: Zapdos|76\/100 psn|[from] psn|[of] p2a: big T
|move|p2a: big T|Flamethrower|p1a: Zapdos
|-damage|p1a: Zapdos|59\/100 psn
|
|-heal|p1a: Zapdos|65\/100 psn|[from] item: Leftovers
|-heal|p2a: big T|72\/100 par|[from] item: Leftovers
|upkeep
|turn|244
|
|move|p1a: Zapdos|Thunder|p2a: big T
|-damage|p2a: big T|41\/100 par
|-damage|p1a: Zapdos|53\/100 psn|[from] psn|[of] p2a: big T
|cant|p2a: big T|par
|
|-heal|p1a: Zapdos|59\/100 psn|[from] item: Leftovers
|-heal|p2a: big T|47\/100 par|[from] item: Leftovers
|upkeep
|turn|245
|
|move|p1a: Zapdos|Thunder|p2a: big T|[miss]
|-miss|p1a: Zapdos
|-damage|p1a: Zapdos|46\/100 psn|[from] psn|[of] p2a: big T
|cant|p2a: big T|par
|
|-heal|p1a: Zapdos|52\/100 psn|[from] item: Leftovers
|-heal|p2a: big T|53\/100 par|[from] item: Leftovers
|upkeep
|turn|246
|
|move|p1a: Zapdos|Thunder|p2a: big T
|-damage|p2a: big T|25\/100 par
|-damage|p1a: Zapdos|40\/100 psn|[from] psn|[of] p2a: big T
|move|p2a: big T|Rest|p2a: big T
|-status|p2a: big T|slp
|-heal|p2a: big T|100\/100 slp|[silent]
|-status|p2a: big T|slp|[from] move: Rest
|
|-heal|p1a: Zapdos|46\/100 psn|[from] item: Leftovers
|upkeep
|turn|247
|c|☆THANOS BOOTY CLAP|whew
|
|move|p1a: Zapdos|Rest|p1a: Zapdos
|-status|p1a: Zapdos|slp
|-heal|p1a: Zapdos|100\/100 slp|[silent]
|-status|p1a: Zapdos|slp|[from] move: Rest
|cant|p2a: big T|slp
|
|upkeep
|turn|248
|
|cant|p1a: Zapdos|slp
|move|p1a: Zapdos|Sleep Talk|p1a: Zapdos
|move|p1a: Zapdos|Rest|p1a: Zapdos|[from]Sleep Talk
|-fail|p1a: Zapdos
|cant|p2a: big T|slp
|
|upkeep
|turn|249
|
|cant|p1a: Zapdos|slp
|move|p1a: Zapdos|Sleep Talk|p1a: Zapdos
|move|p1a: Zapdos|Rest|p1a: Zapdos|[from]Sleep Talk
|-fail|p1a: Zapdos
|-curestatus|p2a: big T|slp|[msg]
|move|p2a: big T|Flamethrower|p1a: Zapdos
|-damage|p1a: Zapdos|83\/100 slp
|
|-heal|p1a: Zapdos|89\/100 slp|[from] item: Leftovers
|upkeep
|turn|250
|
|-curestatus|p1a: Zapdos|slp|[msg]
|move|p1a: Zapdos|Thunder|p2a: big T
|-damage|p2a: big T|72\/100
|move|p2a: big T|Curse|p2a: big T
|-unboost|p2a: big T|spe|1
|-boost|p2a: big T|atk|1
|-boost|p2a: big T|def|1
|
|-heal|p1a: Zapdos|95\/100|[from] item: Leftovers
|-heal|p2a: big T|78\/100|[from] item: Leftovers
|upkeep
|turn|251
|
|switch|p1a: Umbreon|Umbreon, M|100\/100
|-damage|p1a: Umbreon|88\/100|[from] Spikes
|move|p2a: big T|Rest|p2a: big T
|-status|p2a: big T|slp
|-heal|p2a: big T|100\/100 slp|[silent]
|-status|p2a: big T|slp|[from] move: Rest
|
|-heal|p1a: Umbreon|94\/100|[from] item: Leftovers
|upkeep
|turn|252
|
|switch|p1a: Snorlax|Snorlax, M|68\/100 slp
|-damage|p1a: Snorlax|55\/100 slp|[from] Spikes
|cant|p2a: big T|slp
|
|-heal|p1a: Snorlax|61\/100 slp|[from] item: Leftovers
|upkeep
|turn|253
|
|cant|p1a: Snorlax|slp
|cant|p2a: big T|slp
|
|-heal|p1a: Snorlax|68\/100 slp|[from] item: Leftovers
|upkeep
|turn|254
|
|switch|p1a: Umbreon|Umbreon, M|94\/100
|-damage|p1a: Umbreon|82\/100|[from] Spikes
|-curestatus|p2a: big T|slp|[msg]
|move|p2a: big T|Return|p1a: Umbreon
|-damage|p1a: Umbreon|33\/100
|
|-heal|p1a: Umbreon|39\/100|[from] item: Leftovers
|upkeep
|turn|255
|
|move|p1a: Umbreon|Charm|p2a: big T
|-unboost|p2a: big T|atk|2
|move|p2a: big T|Return|p1a: Umbreon
|-damage|p1a: Umbreon|19\/100
|
|-heal|p1a: Umbreon|25\/100|[from] item: Leftovers
|upkeep
|turn|256
|
|switch|p2a: 3x(9-3)|Forretress, M|64\/100
|move|p1a: Umbreon|Charm|p2a: 3x(9-3)
|-unboost|p2a: 3x(9-3)|atk|2
|
|-heal|p1a: Umbreon|31\/100|[from] item: Leftovers
|-heal|p2a: 3x(9-3)|70\/100|[from] item: Leftovers
|upkeep
|turn|257
|
|move|p1a: Umbreon|Rest|p1a: Umbreon
|-status|p1a: Umbreon|slp
|-heal|p1a: Umbreon|100\/100 slp|[silent]
|-status|p1a: Umbreon|slp|[from] move: Rest
|move|p2a: 3x(9-3)|Toxic||[still]
|-fail|p2a: 3x(9-3)
|
|-heal|p2a: 3x(9-3)|76\/100|[from] item: Leftovers
|upkeep
|turn|258
|
|switch|p1a: Zapdos|Zapdos|95\/100
|switch|p2a: big T|Snorlax, M|100\/100
|
|-heal|p1a: Zapdos|100\/100|[from] item: Leftovers
|upkeep
|turn|259
|
|switch|p1a: Umbreon|Umbreon, M|100\/100 slp
|-damage|p1a: Umbreon|88\/100 slp|[from] Spikes
|move|p2a: big T|Curse|p2a: big T
|-unboost|p2a: big T|spe|1
|-boost|p2a: big T|atk|1
|-boost|p2a: big T|def|1
|
|-heal|p1a: Umbreon|94\/100 slp|[from] item: Leftovers
|upkeep
|turn|260
|
|cant|p1a: Umbreon|slp
|move|p1a: Umbreon|Sleep Talk|p1a: Umbreon
|move|p1a: Umbreon|Charm|p2a: big T|[from]Sleep Talk
|-unboost|p2a: big T|atk|2
|move|p2a: big T|Flamethrower|p1a: Umbreon
|-damage|p1a: Umbreon|82\/100 slp
|
|-heal|p1a: Umbreon|88\/100 slp|[from] item: Leftovers
|upkeep
|turn|261
|
|switch|p1a: Zapdos|Zapdos|100\/100
|switch|p2a: 3x(9-3)|Forretress, M|76\/100
|
|-heal|p2a: 3x(9-3)|82\/100|[from] item: Leftovers
|upkeep
|turn|262
|
|switch|p2a: big T|Snorlax, M|100\/100
|move|p1a: Zapdos|Thunder|p2a: big T
|-damage|p2a: big T|72\/100
|-status|p2a: big T|par
|
|-heal|p2a: big T|78\/100 par|[from] item: Leftovers
|upkeep
|turn|263
|
|move|p1a: Zapdos|Thunder|p2a: big T
|-damage|p2a: big T|47\/100 par
|cant|p2a: big T|par
|
|-heal|p2a: big T|53\/100 par|[from] item: Leftovers
|upkeep
|turn|264
|
|move|p1a: Zapdos|Thunder|p2a: big T
|-crit|p2a: big T
|-damage|p2a: big T|0 fnt
|faint|p2a: big T
|
|switch|p2a: McFucknasty|Misdreavus, F|61\/100
|
|-heal|p2a: McFucknasty|67\/100|[from] item: Leftovers
|upkeep
|turn|265
|c|☆THANOS BOOTY CLAP|yikes
|
|switch|p1a: Snorlax|Snorlax, M|68\/100 slp
|-damage|p1a: Snorlax|55\/100 slp|[from] Spikes
|move|p2a: McFucknasty|Protect|p2a: McFucknasty
|-fail|p2a: McFucknasty
|
|-heal|p2a: McFucknasty|73\/100|[from] item: Leftovers
|-heal|p1a: Snorlax|61\/100 slp|[from] item: Leftovers
|upkeep
|turn|266
|c|☆hsa|agreed
|
|switch|p2a: Fortnite Main|Skarmory, M|100\/100
|cant|p1a: Snorlax|slp
|
|-heal|p1a: Snorlax|67\/100 slp|[from] item: Leftovers
|upkeep
|turn|267
|
|switch|p2a: McFucknasty|Misdreavus, F|73\/100
|-curestatus|p1a: Snorlax|slp|[msg]
|move|p1a: Snorlax|Flamethrower|p2a: McFucknasty
|-crit|p2a: McFucknasty
|-damage|p2a: McFucknasty|38\/100
|
|-heal|p2a: McFucknasty|44\/100|[from] item: Leftovers
|-heal|p1a: Snorlax|74\/100|[from] item: Leftovers
|upkeep
|turn|268
|
|switch|p1a: Zapdos|Zapdos|100\/100
|move|p2a: McFucknasty|Pain Split|p1a: Zapdos
|-sethp|p1a: Zapdos|69\/100|p2a: McFucknasty|81\/100|[from] move: Pain Split
|
|-heal|p1a: Zapdos|75\/100|[from] item: Leftovers
|-heal|p2a: McFucknasty|87\/100|[from] item: Leftovers
|upkeep
|turn|269
|
|switch|p1a: Umbreon|Umbreon, M|88\/100 slp
|-damage|p1a: Umbreon|76\/100 slp|[from] Spikes
|switch|p2a: 3x(9-3)|Forretress, M|82\/100
|
|-heal|p1a: Umbreon|82\/100 slp|[from] item: Leftovers
|-heal|p2a: 3x(9-3)|88\/100|[from] item: Leftovers
|upkeep
|turn|270
|
|switch|p2a: Fortnite Main|Skarmory, M|100\/100
|cant|p1a: Umbreon|slp
|
|-heal|p1a: Umbreon|88\/100 slp|[from] item: Leftovers
|upkeep
|turn|271
|
|switch|p2a: 3x(9-3)|Forretress, M|88\/100
|switch|p1a: Zapdos|Zapdos|75\/100
|
|-heal|p1a: Zapdos|81\/100|[from] item: Leftovers
|-heal|p2a: 3x(9-3)|94\/100|[from] item: Leftovers
|upkeep
|turn|272
|
|switch|p2a: McFucknasty|Misdreavus, F|87\/100
|move|p1a: Zapdos|Thunder|p2a: McFucknasty
|-damage|p2a: McFucknasty|32\/100
|-status|p2a: McFucknasty|par
|
|-heal|p1a: Zapdos|87\/100|[from] item: Leftovers
|-heal|p2a: McFucknasty|38\/100 par|[from] item: Leftovers
|upkeep
|turn|273
|
|move|p2a: McFucknasty|Protect|p2a: McFucknasty
|-singleturn|p2a: McFucknasty|Protect
|move|p1a: Zapdos|Hidden Power|p2a: McFucknasty
|-activate|p2a: McFucknasty|Protect
|
|-heal|p1a: Zapdos|93\/100|[from] item: Leftovers
|-heal|p2a: McFucknasty|44\/100 par|[from] item: Leftovers
|upkeep
|turn|274
|
|move|p1a: Zapdos|Thunder|p2a: McFucknasty
|-damage|p2a: McFucknasty|0 fnt
|faint|p2a: McFucknasty
|
|switch|p2a: Fortnite Main|Skarmory, M|100\/100
|
|-heal|p1a: Zapdos|99\/100|[from] item: Leftovers
|upkeep
|turn|275
|
|switch|p2a: 3x(9-3)|Forretress, M|94\/100
|move|p1a: Zapdos|Thunder|p2a: 3x(9-3)|[miss]
|-miss|p1a: Zapdos
|
|-heal|p1a: Zapdos|100\/100|[from] item: Leftovers
|-heal|p2a: 3x(9-3)|99\/100|[from] item: Leftovers
|upkeep
|turn|276
|
|switch|p1a: Umbreon|Umbreon, M|88\/100 slp
|-damage|p1a: Umbreon|75\/100 slp|[from] Spikes
|move|p2a: 3x(9-3)|Toxic||[still]
|-fail|p2a: 3x(9-3)
|
|-heal|p1a: Umbreon|81\/100 slp|[from] item: Leftovers
|-heal|p2a: 3x(9-3)|100\/100|[from] item: Leftovers
|upkeep
|turn|277
|
|switch|p1a: Snorlax|Snorlax, M|74\/100
|-damage|p1a: Snorlax|61\/100|[from] Spikes
|switch|p2a: Fortnite Main|Skarmory, M|100\/100
|
|-heal|p1a: Snorlax|67\/100|[from] item: Leftovers
|upkeep
|turn|278
|
|move|p2a: Fortnite Main|Drill Peck|p1a: Snorlax
|-damage|p1a: Snorlax|47\/100
|move|p1a: Snorlax|Flamethrower|p2a: Fortnite Main
|-supereffective|p2a: Fortnite Main
|-damage|p2a: Fortnite Main|58\/100
|
|-heal|p2a: Fortnite Main|64\/100|[from] item: Leftovers
|-heal|p1a: Snorlax|53\/100|[from] item: Leftovers
|upkeep
|turn|279
|
|move|p2a: Fortnite Main|Drill Peck|p1a: Snorlax
|-damage|p1a: Snorlax|33\/100
|move|p1a: Snorlax|Flamethrower|p2a: Fortnite Main
|-supereffective|p2a: Fortnite Main
|-damage|p2a: Fortnite Main|24\/100
|
|-heal|p2a: Fortnite Main|30\/100|[from] item: Leftovers
|-heal|p1a: Snorlax|39\/100|[from] item: Leftovers
|upkeep
|turn|280
|
|move|p2a: Fortnite Main|Drill Peck|p1a: Snorlax
|-damage|p1a: Snorlax|20\/100
|move|p1a: Snorlax|Flamethrower|p2a: Fortnite Main
|-supereffective|p2a: Fortnite Main
|-damage|p2a: Fortnite Main|0 fnt
|faint|p2a: Fortnite Main
|c|☆THANOS BOOTY CLAP|sadfsghr
|c|☆THANOS BOOTY CLAP|gg
|
|switch|p2a: 3x(9-3)|Forretress, M|100\/100
|
|-heal|p1a: Snorlax|26\/100|[from] item: Leftovers
|upkeep
|turn|281
|c|☆hsa|gg
|
|move|p2a: 3x(9-3)|Toxic|p1a: Snorlax
|-status|p1a: Snorlax|tox
|move|p1a: Snorlax|Flamethrower|p2a: 3x(9-3)
|-supereffective|p2a: 3x(9-3)
|-damage|p2a: 3x(9-3)|0 fnt
|faint|p2a: 3x(9-3)
|
|win|hsa
</script>
</div>
<div class="battle-log battle-log-inline"><div class="inner"><div class="battle-options"></div><div class="inner"><div class="chat message-error">Battle timer is ON: inactive players will automatically lose when time's up.</div><div class=""><small>Format:</small> <br><strong>[Gen 2] OU</strong></div><div class=""><small><em>Sleep Clause Mod:</em> Limit one foe put to sleep</small></div><div class=""><small><em>Freeze Clause Mod:</em> Limit one foe frozen</small></div><div class=""><small><em>Species Clause:</em> Limit one of each Pokémon</small></div><div class=""><small><em>OHKO Clause:</em> OHKO moves are banned</small></div><div class=""><small><em>Evasion Moves Clause:</em> Evasion moves are banned</small></div><div class=""><small><em>HP Percentage Mod:</em> HP is shown in percentages</small></div><div class="spacer battle-history"><br></div><div class="battle-history">Battle started between hsa and THANOS BOOTY CLAP!<br></div><div class="spacer battle-history"><br></div><div class="battle-history">Go! <strong>Zapdos</strong>!<br></div><div class="spacer battle-history"><br></div><div class="battle-history">THANOS BOOTY CLAP sent out big T (<strong>Snorlax</strong>)!<br></div><div class="spacer battle-history"><br></div><h2 class="battle-history">Turn 1</h2><div class="chat chatmessage-hsa"><strong style="color:#9d9339"><small>☆</small><span class="username" data-name="hsa">hsa</span>:</strong> <em>hf</em></div><div class="chat"><div class="broadcast-red"><strong>Moderated chat was set to ☆!</strong><br>Only users of rank ☆ and higher can talk.</div></div><div class="chat chatmessage-thanosbootyclap"><strong style="color:#2ba182"><small>☆</small><span class="username" data-name="THANOS BOOTY CLAP">THANOS BOOTY CLAP</span>:</strong> <em>lmao we did it</em></div><div class="chat chatmessage-thanosbootyclap"><strong style="color:#2ba182"><small>☆</small><span class="username" data-name="THANOS BOOTY CLAP">THANOS BOOTY CLAP</span>:</strong> <em>u2</em></div><div class="spacer battle-history"><br></div><div class="battle-history">Zapdos used <strong>Thunder</strong>!<br></div><div class="battle-history"><small>Zapdos's attack missed!</small><br></div><div class="spacer battle-history"><br></div><div class="battle-history">The opposing big T used <strong>Curse</strong>!<br></div><div class="battle-history"><small>The opposing big T's Speed fell!</small><br></div><div class="battle-history"><small>The opposing big T's Attack rose!</small><br></div><div class="battle-history"><small>The opposing big T's Defense rose!</small><br></div><div class="spacer battle-history"><br></div><h2 class="battle-history">Turn 2</h2><div class="spacer battle-history"><br></div><div class="battle-history">Zapdos, come back!<br></div><div class="battle-history">Go! <strong>Umbreon</strong>!<br></div><div class="spacer battle-history"><br></div><div class="battle-history">The opposing big T used <strong>Return</strong>!<br></div><div class="battle-history"><small>(Umbreon lost 49% of its health!)</small><br></div><div class="spacer battle-history"><br></div><div class="battle-history"><small>Umbreon restored a little HP using its Leftovers!</small><br></div><div class="spacer battle-history"><br></div><h2 class="battle-history">Turn 3</h2><div class="spacer battle-history"><br></div><div class="battle-history">Umbreon used <strong>Charm</strong>!<br></div><div class="battle-history"><small>The opposing big T's Attack fell harshly!</small><br></div><div class="spacer battle-history"><br></div><div class="battle-history">The opposing big T used <strong>Return</strong>!<br></div><div class="battle-history"><small>A critical hit!</small><br></div><div class="battle-history"><small>(Umbreon lost 55% of its health!)</small><br></div><div class="spacer battle-history"><br></div><div class="battle-history"><small>Umbreon restored a little HP using its Leftovers!</small><br></div><div class="spacer battle-history"><br></div><h2 class="battle-history">Turn 4</h2><div class="spacer battle-history"><br></div><div class="battle-history">THANOS BOOTY CLAP withdrew big T!<br></div><div class="battle-history">THANOS BOOTY CLAP sent out 3x(9-3) (<strong>Forretress</strong>)!<br></div><div class="spacer battle-history"><br></div><div class="battle-history">Umbreon used <strong>Rest</strong>!<br></div><div class="battle-history"><small>Umbreon fell asleep!</small><br></div><div class="battle-history"><small>Umbreon slept and became healthy!</small><br></div><div class="spacer battle-history"><br></div><h2 class="battle-history">Turn 5</h2><div class="spacer battle-history"><br></div><div class="battle-history">Umbreon, come back!<br></div><div class="battle-history">Go! <strong>Exeggutor</strong>!<br></div><div class="spacer battle-history"><br></div><div class="battle-history">The opposing 3x(9-3) used <strong>Spikes</strong>!<br></div><div class="battle-history"><small>Spikes were scattered on the ground all around your team!</small><br></div><div class="spacer battle-history"><br></div><h2 class="battle-history">Turn 6</h2><div class="spacer battle-history"><br></div><div class="battle-history">THANOS BOOTY CLAP withdrew 3x(9-3)!<br></div><div class="battle-history">THANOS BOOTY CLAP sent out big T (<strong>Snorlax</strong>)!<br></div><div class="spacer battle-history"><br></div><div class="battle-history">Exeggutor used <strong>Sleep Powder</strong>!<br></div><div class="battle-history"><small>The opposing big T fell asleep!</small><br></div><div class="spacer battle-history"><br></div><h2 class="battle-history">Turn 7</h2><div class="spacer battle-history"><br></div><div class="battle-history">THANOS BOOTY CLAP withdrew big T!<br></div><div class="battle-history">THANOS BOOTY CLAP sent out 3x(9-3) (<strong>Forretress</strong>)!<br></div><div class="spacer battle-history"><br></div><div class="battle-history">Exeggutor used <strong>Psychic</strong>!<br></div><div class="battle-history"><small>It's not very effective...</small><br></div><div class="battle-history"><small>(The opposing 3x(9-3) lost 25% of its health!)</small><br></div><div class="spacer battle-history"><br></div><div class="battle-history"><small>The opposing 3x(9-3) restored a little HP using its Leftovers!</small><br></div><div class="spacer battle-history"><br></div><h2 class="battle-history">Turn 8</h2><div class="spacer battle-history"><br></div><div class="battle-history">Exeggutor, come back!<br></div><div class="battle-history">Go! <strong>Zapdos</strong>!<br></div><div class="spacer battle-history"><br></div><div class="battle-history">THANOS BOOTY CLAP withdrew 3x(9-3)!<br></div><div class="battle-history">THANOS BOOTY CLAP sent out Deathcock (<strong>Suicune</strong>)!<br></div><div class="spacer battle-history"><br></div><h2 class="battle-history">Turn 9</h2><div class="spacer battle-history"><br></div><div class="battle-history">Zapdos, come back!<br></div><div class="battle-history">Go! <strong>Cloyster</strong>!<br></div><div class="battle-history"><small>Cloyster was hurt by the spikes!</small><br></div><div class="spacer battle-history"><br></div><div class="battle-history">THANOS BOOTY CLAP withdrew Deathcock!<br></div><div class="battle-history">THANOS BOOTY CLAP sent out UterusPiledriver (<strong>Piloswine</strong>)!<br></div><div class="spacer battle-history"><br></div><div class="battle-history"><small>Cloyster restored a little HP using its Leftovers!</small><br></div><div class="spacer battle-history"><br></div><h2 class="battle-history">Turn 10</h2><div class="chat chatmessage-hsa"><strong style="color:#9d9339"><small>☆</small><span class="username" data-name="hsa">hsa</span>:</strong> <em>not him again</em></div><div class="spacer battle-history"><br></div><div class="battle-history">THANOS BOOTY CLAP withdrew UterusPiledriver!<br></div><div class="battle-history">THANOS BOOTY CLAP sent out Deathcock (<strong>Suicune</strong>)!<br></div><div class="spacer battle-history"><br></div><div class="battle-history">Cloyster used <strong>Spikes</strong>!<br></div><div class="battle-history"><small>Spikes were scattered on the ground all around the opposing team!</small><br></div><div class="spacer battle-history"><br></div><div class="battle-history"><small>Cloyster restored a little HP using its Leftovers!</small><br></div><div class="spacer battle-history"><br></div><h2 class="battle-history">Turn 11</h2><div class="spacer battle-history"><br></div><div class="battle-history">Cloyster, come back!<br></div><div class="battle-history">Go! <strong>Zapdos</strong>!<br></div><div class="spacer battle-history"><br></div><div class="battle-history">The opposing Deathcock used <strong>Ice Beam</strong>!<br></div><div class="battle-history"><small>It's super effective!</small><br></div><div class="battle-history"><small>(Zapdos lost 36% of its health!)</small><br></div><div class="spacer battle-history"><br></div><div class="battle-history"><small>Zapdos restored a little HP using its Leftovers!</small><br></div><div class="spacer battle-history"><br></div><h2 class="battle-history">Turn 12</h2><div class="chat chatmessage-thanosbootyclap"><strong style="color:#2ba182"><small>☆</small><span class="username" data-name="THANOS BOOTY CLAP">THANOS BOOTY CLAP</span>:</strong> <em>test</em></div><div class="spacer battle-history"><br></div><div class="battle-history">THANOS BOOTY CLAP withdrew Deathcock!<br></div><div class="battle-history">THANOS BOOTY CLAP sent out UterusPiledriver (<strong>Piloswine</strong>)!<br></div><div class="battle-history"><small>The opposing UterusPiledriver was hurt by the spikes!</small><br></div><div class="spacer battle-history"><br></div><div class="battle-history">Zapdos used <strong>Hidden Power</strong>!<br></div><div class="battle-history"><small>(The opposing UterusPiledriver lost 23% of its health!)</small><br></div><div class="spacer battle-history"><br></div><div class="battle-history"><small>Zapdos restored a little HP using its Leftovers!</small><br></div><div class="battle-history"><small>The opposing UterusPiledriver restored a little HP using its Leftovers!</small><br></div><div class="spacer battle-history"><br></div><h2 class="battle-history">Turn 13</h2><div class="spacer battle-history"><br></div><div class="battle-history">Zapdos used <strong>Hidden Power</strong>!<br></div><div class="battle-history"><small>(The opposing UterusPiledriver lost 22% of its health!)</small><br></div><div class="spacer battle-history"><br></div><div class="battle-history">The opposing UterusPiledriver used <strong>Earthquake</strong>!<br></div><div class="battle-history"><small>It doesn't affect Zapdos...</small><br></div><div class="spacer battle-history"><br></div><div class="battle-history"><small>Zapdos restored a little HP using its Leftovers!</small><br></div><div class="battle-history"><small>The opposing UterusPiledriver restored a little HP using its Leftovers!</small><br></div><div class="spacer battle-history"><br></div><h2 class="battle-history">Turn 14</h2><div class="spacer battle-history"><br></div><div class="battle-history">Zapdos, come back!<br></div><div class="battle-history">Go! <strong>Cloyster</strong>!<br></div><div class="battle-history"><small>Cloyster was hurt by the spikes!</small><br></div><div class="spacer battle-history"><br></div><div class="battle-history">The opposing UterusPiledriver used <strong>Rest</strong>!<br></div><div class="battle-history"><small>The opposing UterusPiledriver fell asleep!</small><br></div><div class="battle-history"><small>The opposing UterusPiledriver slept and became healthy!</small><br></div><div class="spacer battle-history"><br></div><div class="battle-history"><small>Cloyster restored a little HP using its Leftovers!</small><br></div><div class="spacer battle-history"><br></div><h2 class="battle-history">Turn 15</h2><div class="spacer battle-history"><br></div><div class="battle-history">THANOS BOOTY CLAP withdrew UterusPiledriver!<br></div><div class="battle-history">THANOS BOOTY CLAP sent out Deathcock (<strong>Suicune</strong>)!<br></div><div class="battle-history"><small>The opposing Deathcock was hurt by the spikes!</small><br></div><div class="spacer battle-history"><br></div><div class="battle-history">Cloyster used <strong>Toxic</strong>!<br></div><div class="battle-history"><small>The opposing Deathcock was badly poisoned!</small><br></div><div class="spacer battle-history"><br></div><div class="battle-history"><small>The opposing Deathcock restored a little HP using its Leftovers!</small><br></div><div class="battle-history"><small>Cloyster restored a little HP using its Leftovers!</small><br></div><div class="spacer battle-history"><br></div><h2 class="battle-history">Turn 16</h2><div class="spacer battle-history"><br></div><div class="battle-history">Cloyster, come back!<br></div><div class="battle-history">Go! <strong>Snorlax</strong>!<br></div><div class="battle-history"><small>Snorlax was hurt by the spikes!</small><br></div><div class="spacer battle-history"><br></div><div class="battle-history">The opposing Deathcock used <strong>Ice Beam</strong>!<br></div><div class="battle-history"><small>(Snorlax lost 13% of its health!)</small><br></div><div class="battle-history"><small>The opposing Deathcock was hurt by poison!</small><br></div><div class="spacer battle-history"><br></div><div class="battle-history"><small>The opposing Deathcock restored a little HP using its Leftovers!</small><br></div><div class="battle-history"><small>Snorlax restored a little HP using its Leftovers!</small><br></div><div class="spacer battle-history"><br></div><h2 class="battle-history">Turn 17</h2><div class="spacer battle-history"><br></div><div class="battle-history">THANOS BOOTY CLAP withdrew Deathcock!<br></div><div class="battle-history">THANOS BOOTY CLAP sent out McFucknasty (<strong>Misdreavus</strong>)!<br></div><div class="battle-history"><small>The opposing McFucknasty was hurt by the spikes!</small><br></div><div class="spacer battle-history"><br></div><div class="battle-history">Snorlax used <strong>Curse</strong>!<br></div><div class="battle-history"><small>Snorlax's Speed fell!</small><br></div><div class="battle-history"><small>Snorlax's Attack rose!</small><br></div><div class="battle-history"><small>Snorlax's Defense rose!</small><br></div><div class="spacer battle-history"><br></div><div class="battle-history"><small>The opposing McFucknasty restored a little HP using its Leftovers!</small><br></div><div class="battle-history"><small>Snorlax restored a little HP using its Leftovers!</small><br></div><div class="spacer battle-history"><br></div><h2 class="battle-history">Turn 18</h2><div class="spacer battle-history"><br></div><div class="battle-history">Snorlax, come back!<br></div><div class="battle-history">Go! <strong>Steelix</strong>!<br></div><div class="battle-history"><small>Steelix was hurt by the spikes!</small><br></div><div class="spacer battle-history"><br></div><div class="battle-history">The opposing McFucknasty used <strong>Toxic</strong>!<br></div><div class="battle-history"><small>It doesn't affect Steelix...</small><br></div><div class="spacer battle-history"><br></div><div class="battle-history"><small>The opposing McFucknasty restored a little HP using its Leftovers!</small><br></div><div class="battle-history"><small>Steelix restored a little HP using its Leftovers!</small><br></div><div class="spacer battle-history"><br></div><h2 class="battle-history">Turn 19</h2><div class="spacer battle-history"><br></div><div class="battle-history">THANOS BOOTY CLAP withdrew McFucknasty!<br></div><div class="battle-history">THANOS BOOTY CLAP sent out Fortnite Main (<strong>Skarmory</strong>)!<br></div><div class="spacer battle-history"><br></div><div class="battle-history">Steelix used <strong>Earthquake</strong>!<br></div><div class="battle-history"><small>It doesn't affect the opposing Fortnite Main...</small><br></div><div class="spacer battle-history"><br></div><div class="battle-history"><small>Steelix restored a little HP using its Leftovers!</small><br></div><div class="spacer battle-history"><br></div><h2 class="battle-history">Turn 20</h2><div class="spacer battle-history"><br></div><div class="battle-history">The opposing Fortnite Main used <strong>Whirlwind</strong>!<br></div><div class="battle-history"><small>But it failed!</small><br></div><div class="spacer battle-history"><br></div><div class="battle-history">Steelix used <strong>Roar</strong>!<br></div><div class="spacer battle-history"><br></div><div class="battle-history">Deathcock (<strong>Suicune</strong>) was dragged out!<br></div><div class="battle-history"><small>The opposing Deathcock was poisoned!</small><br></div><div class="battle-history"><small>The opposing Deathcock was hurt by the spikes!</small><br></div><div class="spacer battle-history"><br></div><div class="battle-history"><small>The opposing Deathcock restored a little HP using its Leftovers!</small><br></div><div class="spacer battle-history"><br></div><h2 class="battle-history">Turn 21</h2><div class="spacer battle-history"><br></div><div class="battle-history">Steelix, come back!<br></div><div class="battle-history">Go! <strong>Snorlax</strong>!<br></div><div class="battle-history"><small>Snorlax was hurt by the spikes!</small><br></div><div class="spacer battle-history"><br></div><div class="battle-history">The opposing Deathcock used <strong>Ice Beam</strong>!<br></div><div class="battle-history"><small>(Snorlax lost 13% of its health!)</small><br></div><div class="battle-history"><small>The opposing Deathcock was hurt by poison!</small><br></div><div class="spacer battle-history"><br></div><div class="battle-history"><small>The opposing Deathcock restored a little HP using its Leftovers!</small><br></div><div class="battle-history"><small>Snorlax restored a little HP using its Leftovers!</small><br></div><div class="spacer battle-history"><br></div><h2 class="battle-history">Turn 22</h2><div class="spacer battle-history"><br></div><div class="battle-history">THANOS BOOTY CLAP withdrew Deathcock!<br></div><div class="battle-history">THANOS BOOTY CLAP sent out McFucknasty (<strong>Misdreavus</strong>)!<br></div><div class="battle-history"><small>The opposing McFucknasty was hurt by the spikes!</small><br></div><div class="spacer battle-history"><br></div><div class="battle-history">Snorlax used <strong>Return</strong>!<br></div><div class="battle-history"><small>It doesn't affect the opposing McFucknasty...</small><br></div><div class="spacer battle-history"><br></div><div class="battle-history"><small>The opposing McFucknasty restored a little HP using its Leftovers!</small><br></div><div class="battle-history"><small>Snorlax restored a little HP using its Leftovers!</small><br></div><div class="spacer battle-history"><br></div><h2 class="battle-history">Turn 23</h2><div class="spacer battle-history"><br></div><div class="battle-history">THANOS BOOTY CLAP withdrew McFucknasty!<br></div><div class="battle-history">THANOS BOOTY CLAP sent out Fortnite Main (<strong>Skarmory</strong>)!<br></div><div class="spacer battle-history"><br></div><div class="battle-history">Snorlax, come back!<br></div><div class="battle-history">Go! <strong>Steelix</strong>!<br></div><div class="battle-history"><small>Steelix was hurt by the spikes!</small><br></div><div class="spacer battle-history"><br></div><div class="battle-history"><small>Steelix restored a little HP using its Leftovers!</small><br></div><div class="spacer battle-history"><br></div><h2 class="battle-history">Turn 24</h2><div class="spacer battle-history"><br></div><div class="battle-history">The opposing Fortnite Main used <strong>Whirlwind</strong>!<br></div><div class="battle-history"><small>But it failed!</small><br></div><div class="spacer battle-history"><br></div><div class="battle-history">Steelix used <strong>Roar</strong>!<br></div><div class="spacer battle-history"><br></div><div class="battle-history">big T (<strong>Snorlax</strong>) was dragged out!<br></div><div class="battle-history"><small>The opposing big T was hurt by the spikes!</small><br></div><div class="spacer battle-history"><br></div><div class="battle-history"><small>Steelix restored a little HP using its Leftovers!</small><br></div><div class="battle-history"><small>The opposing big T restored a little HP using its Leftovers!</small><br></div><div class="spacer battle-history"><br></div><h2 class="battle-history">Turn 25</h2><div class="spacer battle-history"><br></div><div class="battle-history">Steelix, come back!<br></div><div class="battle-history">Go! <strong>Umbreon</strong>!<br></div><div class="battle-history"><small>Umbreon was hurt by the spikes!</small><br></div><div class="spacer battle-history"><br></div><div class="battle-history">The opposing big T is fast asleep.<br></div><div class="spacer battle-history"><br></div><div class="battle-history"><small>Umbreon restored a little HP using its Leftovers!</small><br></div><div class="battle-history"><small>The opposing big T restored a little HP using its Leftovers!</small><br></div><div class="spacer battle-history"><br></div><h2 class="battle-history">Turn 26</h2><div class="spacer battle-history"><br></div><div class="battle-history">THANOS BOOTY CLAP withdrew big T!<br></div><div class="battle-history">THANOS BOOTY CLAP sent out 3x(9-3) (<strong>Forretress</strong>)!<br></div><div class="battle-history"><small>The opposing 3x(9-3) was hurt by the spikes!</small><br></div><div class="spacer battle-history"><br></div><div class="battle-history">Umbreon is fast asleep.<br></div><div class="spacer battle-history"><br></div><div class="battle-history">Umbreon used <strong>Sleep Talk</strong>!<br></div><div class="spacer battle-history"><br></div><div class="battle-history">Umbreon used <strong>Rest</strong>!<br></div><div class="battle-history"><small>Umbreon slept and became healthy!</small><br></div><div class="spacer battle-history"><br></div><div class="battle-history"><small>The opposing 3x(9-3) restored a little HP using its Leftovers!</small><br></div><div class="spacer battle-history"><br></div><h2 class="battle-history">Turn 27</h2><div class="spacer battle-history"><br></div><div class="battle-history">Umbreon, come back!<br></div><div class="battle-history">Go! <strong>Zapdos</strong>!<br></div><div class="spacer battle-history"><br></div><div class="battle-history">The opposing 3x(9-3) used <strong>Rapid Spin</strong>!<br></div><div class="battle-history"><small>(Zapdos lost 4% of its health!)</small><br></div><div class="battle-history"><small>The spikes disappeared from the ground around the opposing team!</small><br></div><div class="spacer battle-history"><br></div><div class="battle-history"><small>Zapdos restored a little HP using its Leftovers!</small><br></div><div class="battle-history"><small>The opposing 3x(9-3) restored a little HP using its Leftovers!</small><br></div><div class="spacer battle-history"><br></div><h2 class="battle-history">Turn 28</h2><div class="spacer battle-history"><br></div><div class="battle-history">Zapdos, come back!<br></div><div class="battle-history">Go! <strong>Cloyster</strong>!<br></div><div class="battle-history"><small>Cloyster was hurt by the spikes!</small><br></div><div class="spacer battle-history"><br></div><div class="battle-history">THANOS BOOTY CLAP withdrew 3x(9-3)!<br></div><div class="battle-history">THANOS BOOTY CLAP sent out big T (<strong>Snorlax</strong>)!<br></div><div class="spacer battle-history"><br></div><div class="battle-history"><small>Cloyster restored a little HP using its Leftovers!</small><br></div><div class="battle-history"><small>The opposing big T restored a little HP using its Leftovers!</small><br></div><div class="spacer battle-history"><br></div><h2 class="battle-history">Turn 29</h2><div class="spacer battle-history"><br></div><div class="battle-history">Cloyster used <strong>Spikes</strong>!<br></div><div class="battle-history"><small>Spikes were scattered on the ground all around the opposing team!</small><br></div><div class="spacer battle-history"><br></div><div class="battle-history">The opposing big T is fast asleep.<br></div><div class="spacer battle-history"><br></div><div class="battle-history"><small>Cloyster restored a little HP using its Leftovers!</small><br></div><div class="spacer battle-history"><br></div><h2 class="battle-history">Turn 30</h2><div class="spacer battle-history"><br></div><div class="battle-history">Cloyster used <strong>Surf</strong>!<br></div><div class="battle-history"><small>(The opposing big T lost 17% of its health!)</small><br></div><div class="spacer battle-history"><br></div><div class="battle-history">The opposing big T is fast asleep.<br></div><div class="spacer battle-history"><br></div><div class="battle-history"><small>Cloyster restored a little HP using its Leftovers!</small><br></div><div class="battle-history"><small>The opposing big T restored a little HP using its Leftovers!</small><br></div><div class="spacer battle-history"><br></div><h2 class="battle-history">Turn 31</h2><div class="spacer battle-history"><br></div><div class="battle-history">Cloyster, come back!<br></div><div class="battle-history">Go! <strong>Exeggutor</strong>!<br></div><div class="battle-history"><small>Exeggutor was hurt by the spikes!</small><br></div><div class="spacer battle-history"><br></div><div class="battle-history">The opposing big T is fast asleep.<br></div><div class="spacer battle-history"><br></div><div class="battle-history"><small>Exeggutor restored a little HP using its Leftovers!</small><br></div><div class="battle-history"><small>The opposing big T restored a little HP using its Leftovers!</small><br></div><div class="spacer battle-history"><br></div><h2 class="battle-history">Turn 32</h2><div class="spacer battle-history"><br></div><div class="battle-history">Exeggutor used <strong>Psychic</strong>!<br></div><div class="battle-history"><small>(The opposing big T lost 24% of its health!)</small><br></div><div class="spacer battle-history"><br></div><div class="battle-history">The opposing big T is fast asleep.<br></div><div class="spacer battle-history"><br></div><div class="battle-history"><small>Exeggutor restored a little HP using its Leftovers!</small><br></div><div class="battle-history"><small>The opposing big T restored a little HP using its Leftovers!</small><br></div><div class="spacer battle-history"><br></div><h2 class="battle-history">Turn 33</h2><div class="spacer battle-history"><br></div><div class="battle-history">THANOS BOOTY CLAP withdrew big T!<br></div><div class="battle-history">THANOS BOOTY CLAP sent out Fortnite Main (<strong>Skarmory</strong>)!<br></div><div class="spacer battle-history"><br></div><div class="battle-history">Exeggutor used <strong>Explosion</strong>!<br></div><div class="battle-history"><small>A critical hit!</small><br></div><div class="battle-history"><small>It's not very effective...</small><br></div><div class="battle-history"><small>(The opposing Fortnite Main lost 94% of its health!)</small><br></div><div class="spacer battle-history"><br></div><div class="battle-history">Exeggutor fainted!<br></div><div class="spacer battle-history"><br></div><div class="battle-history">Go! <strong>Cloyster</strong>!<br></div><div class="battle-history"><small>Cloyster was hurt by the spikes!</small><br></div><div class="spacer battle-history"><br></div><div class="battle-history"><small>Cloyster restored a little HP using its Leftovers!</small><br></div><div class="battle-history"><small>The opposing Fortnite Main restored a little HP using its Leftovers!</small><br></div><div class="spacer battle-history"><br></div><h2 class="battle-history">Turn 34</h2><div class="spacer battle-history"><br></div><div class="battle-history">THANOS BOOTY CLAP withdrew Fortnite Main!<br></div><div class="battle-history">THANOS BOOTY CLAP sent out Deathcock (<strong>Suicune</strong>)!<br></div><div class="battle-history"><small>The opposing Deathcock was hurt by the spikes!</small><br></div><div class="battle-history"><small>The opposing Deathcock was hurt by poison!</small><br></div><div class="spacer battle-history"><br></div><div class="battle-history">Cloyster used <strong>Explosion</strong>!<br></div><div class="battle-history"><small>(The opposing Deathcock lost 57% of its health!)</small><br></div><div class="spacer battle-history"><br></div><div class="battle-history">Cloyster fainted!<br></div><div class="battle-history">The opposing Deathcock fainted!<br></div><div class="spacer battle-history"><br></div><div class="battle-history">THANOS BOOTY CLAP sent out Fortnite Main (<strong>Skarmory</strong>)!<br></div><div class="spacer battle-history"><br></div><div class="battle-history">Go! <strong>Steelix</strong>!<br></div><div class="battle-history"><small>Steelix was hurt by the spikes!</small><br></div><div class="spacer battle-history"><br></div><div class="battle-history"><small>The opposing Fortnite Main restored a little HP using its Leftovers!</small><br></div><div class="battle-history"><small>Steelix restored a little HP using its Leftovers!</small><br></div><div class="spacer battle-history"><br></div><h2 class="battle-history">Turn 35</h2><div class="spacer battle-history"><br></div><div class="battle-history">Steelix, come back!<br></div><div class="battle-history">Go! <strong>Snorlax</strong>!<br></div><div class="battle-history"><small>Snorlax was hurt by the spikes!</small><br></div><div class="spacer battle-history"><br></div><div class="battle-history">The opposing Fortnite Main used <strong>Whirlwind</strong>!<br></div><div class="spacer battle-history"><br></div><div class="battle-history"><strong>Steelix</strong> was dragged out!<br></div><div class="battle-history"><small>Steelix was hurt by the spikes!</small><br></div><div class="spacer battle-history"><br></div><div class="battle-history"><small>The opposing Fortnite Main restored a little HP using its Leftovers!</small><br></div><div class="battle-history"><small>Steelix restored a little HP using its Leftovers!</small><br></div><div class="spacer battle-history"><br></div><h2 class="battle-history">Turn 36</h2><div class="spacer battle-history"><br></div><div class="battle-history">THANOS BOOTY CLAP withdrew Fortnite Main!<br></div><div class="battle-history">THANOS BOOTY CLAP sent out 3x(9-3) (<strong>Forretress</strong>)!<br></div><div class="battle-history"><small>The opposing 3x(9-3) was hurt by the spikes!</small><br></div><div class="spacer battle-history"><br></div><div class="battle-history">Steelix used <strong>Roar</strong>!<br></div><div class="spacer battle-history"><br></div><div class="battle-history">UterusPiledriver (<strong>Piloswine</strong>) was dragged out!<br></div><div class="battle-history"><small>The opposing UterusPiledriver was hurt by the spikes!</small><br></div><div class="spacer battle-history"><br></div><div class="battle-history"><small>The opposing UterusPiledriver restored a little HP using its Leftovers!</small><br></div><div class="battle-history"><small>Steelix restored a little HP using its Leftovers!</small><br></div><div class="spacer battle-history"><br></div><h2 class="battle-history">Turn 37</h2><div class="chat message-error">hsa has 270 seconds left.</div><div class="spacer battle-history"><br></div><div class="battle-history">THANOS BOOTY CLAP withdrew UterusPiledriver!<br></div><div class="battle-history">THANOS BOOTY CLAP sent out McFucknasty (<strong>Misdreavus</strong>)!<br></div><div class="battle-history"><small>The opposing McFucknasty was hurt by the spikes!</small><br></div><div class="spacer battle-history"><br></div><div class="battle-history">Steelix used <strong>Curse</strong>!<br></div><div class="battle-history"><small>Steelix's Speed fell!</small><br></div><div class="battle-history"><small>Steelix's Attack rose!</small><br></div><div class="battle-history"><small>Steelix's Defense rose!</small><br></div><div class="spacer battle-history"><br></div><div class="battle-history"><small>The opposing McFucknasty restored a little HP using its Leftovers!</small><br></div><div class="battle-history"><small>Steelix restored a little HP using its Leftovers!</small><br></div><div class="spacer battle-history"><br></div><h2 class="battle-history">Turn 38</h2><div class="spacer battle-history"><br></div><div class="battle-history">THANOS BOOTY CLAP withdrew McFucknasty!<br></div><div class="battle-history">THANOS BOOTY CLAP sent out Fortnite Main (<strong>Skarmory</strong>)!<br></div><div class="spacer battle-history"><br></div><div class="battle-history">Steelix used <strong>Roar</strong>!<br></div><div class="spacer battle-history"><br></div><div class="battle-history">McFucknasty (<strong>Misdreavus</strong>) was dragged out!<br></div><div class="battle-history"><small>The opposing McFucknasty was hurt by the spikes!</small><br></div><div class="spacer battle-history"><br></div><div class="battle-history"><small>The opposing McFucknasty restored a little HP using its Leftovers!</small><br></div><div class="spacer battle-history"><br></div><h2 class="battle-history">Turn 39</h2><div class="spacer battle-history"><br></div><div class="battle-history">The opposing McFucknasty used <strong>Protect</strong>!<br></div><div class="battle-history"><small>The opposing McFucknasty protected itself!</small><br></div><div class="spacer battle-history"><br></div><div class="battle-history">Steelix used <strong>Earthquake</strong>!<br></div><div class="battle-history"><small>The opposing McFucknasty protected itself!</small><br></div><div class="spacer battle-history"><br></div><div class="battle-history"><small>The opposing McFucknasty restored a little HP using its Leftovers!</small><br></div><div class="spacer battle-history"><br></div><h2 class="battle-history">Turn 40</h2><div class="spacer battle-history"><br></div><div class="battle-history">THANOS BOOTY CLAP withdrew McFucknasty!<br></div><div class="battle-history">THANOS BOOTY CLAP sent out Fortnite Main (<strong>Skarmory</strong>)!<br></div><div class="spacer battle-history"><br></div><div class="battle-history">Steelix used <strong>Earthquake</strong>!<br></div><div class="battle-history"><small>It doesn't affect the opposing Fortnite Main...</small><br></div><div class="spacer battle-history"><br></div><div class="battle-history"><small>The opposing Fortnite Main restored a little HP using its Leftovers!</small><br></div><div class="spacer battle-history"><br></div><h2 class="battle-history">Turn 41</h2><div class="spacer battle-history"><br></div><div class="battle-history">The opposing Fortnite Main used <strong>Rest</strong>!<br></div><div class="battle-history"><small>The opposing Fortnite Main fell asleep!</small><br></div><div class="battle-history"><small>The opposing Fortnite Main slept and became healthy!</small><br></div><div class="spacer battle-history"><br></div><div class="battle-history">Steelix used <strong>Roar</strong>!<br></div><div class="spacer battle-history"><br></div><div class="battle-history">UterusPiledriver (<strong>Piloswine</strong>) was dragged out!<br></div><div class="battle-history"><small>The opposing UterusPiledriver was hurt by the spikes!</small><br></div><div class="spacer battle-history"><br></div><div class="battle-history"><small>The opposing UterusPiledriver restored a little HP using its Leftovers!</small><br></div><div class="spacer battle-history"><br></div><h2 class="battle-history">Turn 42</h2><div class="spacer battle-history"><br></div><div class="battle-history">THANOS BOOTY CLAP withdrew UterusPiledriver!<br></div><div class="battle-history">THANOS BOOTY CLAP sent out Fortnite Main (<strong>Skarmory</strong>)!<br></div><div class="spacer battle-history"><br></div><div class="battle-history">Steelix used <strong>Earthquake</strong>!<br></div><div class="battle-history"><small>It doesn't affect the opposing Fortnite Main...</small><br></div><div class="spacer battle-history"><br></div><h2 class="battle-history">Turn 43</h2><div class="spacer battle-history"><br></div><div class="battle-history">The opposing Fortnite Main is fast asleep.<br></div><div class="spacer battle-history"><br></div><div class="battle-history">Steelix used <strong>Roar</strong>!<br></div><div class="spacer battle-history"><br></div><div class="battle-history">UterusPiledriver (<strong>Piloswine</strong>) was dragged out!<br></div><div class="battle-history"><small>The opposing UterusPiledriver was hurt by the spikes!</small><br></div><div class="spacer battle-history"><br></div><div class="battle-history"><small>The opposing UterusPiledriver restored a little HP using its Leftovers!</small><br></div><div class="spacer battle-history"><br></div><h2 class="battle-history">Turn 44</h2><div class="spacer battle-history"><br></div><div class="battle-history">THANOS BOOTY CLAP withdrew UterusPiledriver!<br></div><div class="battle-history">THANOS BOOTY CLAP sent out Fortnite Main (<strong>Skarmory</strong>)!<br></div><div class="spacer battle-history"><br></div><div class="battle-history">Steelix used <strong>Roar</strong>!<br></div><div class="spacer battle-history"><br></div><div class="battle-history">McFucknasty (<strong>Misdreavus</strong>) was dragged out!<br></div><div class="battle-history"><small>The opposing McFucknasty was hurt by the spikes!</small><br></div><div class="spacer battle-history"><br></div><div class="battle-history"><small>The opposing McFucknasty restored a little HP using its Leftovers!</small><br></div><div class="spacer battle-history"><br></div><h2 class="battle-history">Turn 45</h2><div class="spacer battle-history"><br></div><div class="battle-history">The opposing McFucknasty used <strong>Protect</strong>!<br></div><div class="battle-history"><small>The opposing McFucknasty protected itself!</small><br></div><div class="spacer battle-history"><br></div><div class="battle-history">Steelix used <strong>Roar</strong>!<br></div><div class="battle-history"><small>The opposing McFucknasty protected itself!</small><br></div><div class="spacer battle-history"><br></div><div class="battle-history"><small>The opposing McFucknasty restored a little HP using its Leftovers!</small><br></div><div class="spacer battle-history"><br></div><h2 class="battle-history">Turn 46</h2><div class="spacer battle-history"><br></div><div class="battle-history">THANOS BOOTY CLAP withdrew McFucknasty!<br></div><div class="battle-history">THANOS BOOTY CLAP sent out Fortnite Main (<strong>Skarmory</strong>)!<br></div><div class="spacer battle-history"><br></div><div class="battle-history">Steelix used <strong>Roar</strong>!<br></div><div class="spacer battle-history"><br></div><div class="battle-history">UterusPiledriver (<strong>Piloswine</strong>) was dragged out!<br></div><div class="battle-history"><small>The opposing UterusPiledriver was hurt by the spikes!</small><br></div><div class="spacer battle-history"><br></div><div class="battle-history"><small>The opposing UterusPiledriver restored a little HP using its Leftovers!</small><br></div><div class="spacer battle-history"><br></div><h2 class="battle-history">Turn 47</h2><div class="spacer battle-history"><br></div><div class="battle-history">THANOS BOOTY CLAP withdrew UterusPiledriver!<br></div><div class="battle-history">THANOS BOOTY CLAP sent out Fortnite Main (<strong>Skarmory</strong>)!<br></div><div class="spacer battle-history"><br></div><div class="battle-history">Steelix used <strong>Roar</strong>!<br></div><div class="spacer battle-history"><br></div><div class="battle-history">UterusPiledriver (<strong>Piloswine</strong>) was dragged out!<br></div><div class="battle-history"><small>The opposing UterusPiledriver was hurt by the spikes!</small><br></div><div class="spacer battle-history"><br></div><div class="battle-history"><small>The opposing UterusPiledriver restored a little HP using its Leftovers!</small><br></div><div class="spacer battle-history"><br></div><h2 class="battle-history">Turn 48</h2><div class="spacer battle-history"><br></div><div class="battle-history">THANOS BOOTY CLAP withdrew UterusPiledriver!<br></div><div class="battle-history">THANOS BOOTY CLAP sent out Fortnite Main (<strong>Skarmory</strong>)!<br></div><div class="spacer battle-history"><br></div><div class="battle-history">Steelix used <strong>Earthquake</strong>!<br></div><div class="battle-history"><small>It doesn't affect the opposing Fortnite Main...</small><br></div><div class="spacer battle-history"><br></div><h2 class="battle-history">Turn 49</h2><div class="spacer battle-history"><br></div><div class="battle-history">The opposing Fortnite Main is fast asleep.<br></div><div class="spacer battle-history"><br></div><div class="battle-history">Steelix used <strong>Roar</strong>!<br></div><div class="spacer battle-history"><br></div><div class="battle-history">UterusPiledriver (<strong>Piloswine</strong>) was dragged out!<br></div><div class="battle-history"><small>The opposing UterusPiledriver was hurt by the spikes!</small><br></div><div class="spacer battle-history"><br></div><div class="battle-history"><small>The opposing UterusPiledriver restored a little HP using its Leftovers!</small><br></div><div class="spacer battle-history"><br></div><h2 class="battle-history">Turn 50</h2><div class="spacer battle-history"><br></div><div class="battle-history">THANOS BOOTY CLAP withdrew UterusPiledriver!<br></div><div class="battle-history">THANOS BOOTY CLAP sent out Fortnite Main (<strong>Skarmory</strong>)!<br></div><div class="spacer battle-history"><br></div><div class="battle-history">Steelix used <strong>Roar</strong>!<br></div><div class="spacer battle-history"><br></div><div class="battle-history">big T (<strong>Snorlax</strong>) was dragged out!<br></div><div class="battle-history"><small>The opposing big T was hurt by the spikes!</small><br></div><div class="spacer battle-history"><br></div><div class="battle-history"><small>The opposing big T restored a little HP using its Leftovers!</small><br></div><div class="spacer battle-history"><br></div><h2 class="battle-history">Turn 51</h2><div class="spacer battle-history"><br></div><div class="battle-history">THANOS BOOTY CLAP withdrew big T!<br></div><div class="battle-history">THANOS BOOTY CLAP sent out Fortnite Main (<strong>Skarmory</strong>)!<br></div><div class="spacer battle-history"><br></div><div class="battle-history">Steelix used <strong>Roar</strong>!<br></div><div class="spacer battle-history"><br></div><div class="battle-history">UterusPiledriver (<strong>Piloswine</strong>) was dragged out!<br></div><div class="battle-history"><small>The opposing UterusPiledriver was hurt by the spikes!</small><br></div><div class="spacer battle-history"><br></div><div class="battle-history"><small>The opposing UterusPiledriver restored a little HP using its Leftovers!</small><br></div><div class="spacer battle-history"><br></div><h2 class="battle-history">Turn 52</h2><div class="spacer battle-history"><br></div><div class="battle-history">THANOS BOOTY CLAP withdrew UterusPiledriver!<br></div><div class="battle-history">THANOS BOOTY CLAP sent out Fortnite Main (<strong>Skarmory</strong>)!<br></div><div class="spacer battle-history"><br></div><div class="battle-history">Steelix used <strong>Roar</strong>!<br></div><div class="spacer battle-history"><br></div><div class="battle-history">big T (<strong>Snorlax</strong>) was dragged out!<br></div><div class="battle-history"><small>The opposing big T was hurt by the spikes!</small><br></div><div class="spacer battle-history"><br></div><div class="battle-history"><small>The opposing big T restored a little HP using its Leftovers!</small><br></div><div class="spacer battle-history"><br></div><h2 class="battle-history">Turn 53</h2><div class="spacer battle-history"><br></div><div class="battle-history">THANOS BOOTY CLAP withdrew big T!<br></div><div class="battle-history">THANOS BOOTY CLAP sent out Fortnite Main (<strong>Skarmory</strong>)!<br></div><div class="spacer battle-history"><br></div><div class="battle-history">Steelix used <strong>Roar</strong>!<br></div><div class="spacer battle-history"><br></div><div class="battle-history">big T (<strong>Snorlax</strong>) was dragged out!<br></div><div class="battle-history"><small>The opposing big T was hurt by the spikes!</small><br></div><div class="spacer battle-history"><br></div><div class="battle-history"><small>The opposing big T restored a little HP using its Leftovers!</small><br></div><div class="spacer battle-history"><br></div><h2 class="battle-history">Turn 54</h2><div class="spacer battle-history"><br></div><div class="battle-history">THANOS BOOTY CLAP withdrew big T!<br></div><div class="battle-history">THANOS BOOTY CLAP sent out Fortnite Main (<strong>Skarmory</strong>)!<br></div><div class="spacer battle-history"><br></div><div class="battle-history">Steelix used <strong>Roar</strong>!<br></div><div class="spacer battle-history"><br></div><div class="battle-history">UterusPiledriver (<strong>Piloswine</strong>) was dragged out!<br></div><div class="battle-history"><small>The opposing UterusPiledriver was hurt by the spikes!</small><br></div><div class="spacer battle-history"><br></div><div class="battle-history"><small>The opposing UterusPiledriver restored a little HP using its Leftovers!</small><br></div><div class="spacer battle-history"><br></div><h2 class="battle-history">Turn 55</h2><div class="spacer battle-history"><br></div><div class="battle-history">THANOS BOOTY CLAP withdrew UterusPiledriver!<br></div><div class="battle-history">THANOS BOOTY CLAP sent out Fortnite Main (<strong>Skarmory</strong>)!<br></div><div class="spacer battle-history"><br></div><div class="battle-history">Steelix used <strong>Roar</strong>!<br></div><div class="spacer battle-history"><br></div><div class="battle-history">big T (<strong>Snorlax</strong>) was dragged out!<br></div><div class="battle-history"><small>The opposing big T was hurt by the spikes!</small><br></div><div class="spacer battle-history"><br></div><div class="battle-history"><small>The opposing big T restored a little HP using its Leftovers!</small><br></div><div class="spacer battle-history"><br></div><h2 class="battle-history">Turn 56</h2><div class="spacer battle-history"><br></div><div class="battle-history">THANOS BOOTY CLAP withdrew big T!<br></div><div class="battle-history">THANOS BOOTY CLAP sent out Fortnite Main (<strong>Skarmory</strong>)!<br></div><div class="spacer battle-history"><br></div><div class="battle-history">Steelix used <strong>Roar</strong>!<br></div><div class="spacer battle-history"><br></div><div class="battle-history">UterusPiledriver (<strong>Piloswine</strong>) was dragged out!<br></div><div class="battle-history"><small>The opposing UterusPiledriver was hurt by the spikes!</small><br></div><div class="spacer battle-history"><br></div><div class="battle-history"><small>The opposing UterusPiledriver restored a little HP using its Leftovers!</small><br></div><div class="spacer battle-history"><br></div><h2 class="battle-history">Turn 57</h2><div class="spacer battle-history"><br></div><div class="battle-history">The opposing UterusPiledriver is fast asleep.<br></div><div class="spacer battle-history"><br></div><div class="battle-history">The opposing UterusPiledriver used <strong>Sleep Talk</strong>!<br></div><div class="spacer battle-history"><br></div><div class="battle-history">The opposing UterusPiledriver used <strong>Rest</strong>!<br></div><div class="battle-history"><small>The opposing UterusPiledriver slept and became healthy!</small><br></div><div class="spacer battle-history"><br></div><div class="battle-history">Steelix used <strong>Roar</strong>!<br></div><div class="spacer battle-history"><br></div><div class="battle-history">3x(9-3) (<strong>Forretress</strong>) was dragged out!<br></div><div class="battle-history"><small>The opposing 3x(9-3) was hurt by the spikes!</small><br></div><div class="spacer battle-history"><br></div><div class="battle-history"><small>The opposing 3x(9-3) restored a little HP using its Leftovers!</small><br></div><div class="spacer battle-history"><br></div><h2 class="battle-history">Turn 58</h2><div class="chat chatmessage-thanosbootyclap"><strong style="color:#2ba182"><small>☆</small><span class="username" data-name="THANOS BOOTY CLAP">THANOS BOOTY CLAP</span>:</strong> <em>ayy lmao</em></div><div class="spacer battle-history"><br></div><div class="battle-history">The opposing 3x(9-3) used <strong>Rapid Spin</strong>!<br></div><div class="battle-history"><small>It's not very effective...</small><br></div><div class="battle-history"><small>(Steelix lost 1% of its health!)</small><br></div><div class="battle-history"><small>The spikes disappeared from the ground around the opposing team!</small><br></div><div class="spacer battle-history"><br></div><div class="battle-history">Steelix used <strong>Earthquake</strong>!<br></div><div class="battle-history"><small>(The opposing 3x(9-3) lost 39% of its health!)</small><br></div><div class="spacer battle-history"><br></div><div class="battle-history"><small>The opposing 3x(9-3) restored a little HP using its Leftovers!</small><br></div><div class="battle-history"><small>Steelix restored a little HP using its Leftovers!</small><br></div><div class="spacer battle-history"><br></div><h2 class="battle-history">Turn 59</h2><div class="spacer battle-history"><br></div><div class="battle-history">THANOS BOOTY CLAP withdrew 3x(9-3)!<br></div><div class="battle-history">THANOS BOOTY CLAP sent out Fortnite Main (<strong>Skarmory</strong>)!<br></div><div class="spacer battle-history"><br></div><div class="battle-history">Steelix, come back!<br></div><div class="battle-history">Go! <strong>Zapdos</strong>!<br></div><div class="spacer battle-history"><br></div><div class="battle-history"><small>Zapdos restored a little HP using its Leftovers!</small><br></div><div class="spacer battle-history"><br></div><h2 class="battle-history">Turn 60</h2><div class="spacer battle-history"><br></div><div class="battle-history">Zapdos, come back!<br></div><div class="battle-history">Go! <strong>Umbreon</strong>!<br></div><div class="battle-history"><small>Umbreon was hurt by the spikes!</small><br></div><div class="spacer battle-history"><br></div><div class="battle-history">THANOS BOOTY CLAP withdrew Fortnite Main!<br></div><div class="battle-history">THANOS BOOTY CLAP sent out UterusPiledriver (<strong>Piloswine</strong>)!<br></div><div class="spacer battle-history"><br></div><div class="battle-history"><small>Umbreon restored a little HP using its Leftovers!</small><br></div><div class="spacer battle-history"><br></div><h2 class="battle-history">Turn 61</h2><div class="spacer battle-history"><br></div><div class="battle-history">THANOS BOOTY CLAP withdrew UterusPiledriver!<br></div><div class="battle-history">THANOS BOOTY CLAP sent out big T (<strong>Snorlax</strong>)!<br></div><div class="spacer battle-history"><br></div><div class="battle-history">Umbreon is fast asleep.<br></div><div class="spacer battle-history"><br></div><div class="battle-history"><small>Umbreon restored a little HP using its Leftovers!</small><br></div><div class="battle-history"><small>The opposing big T restored a little HP using its Leftovers!</small><br></div><div class="spacer battle-history"><br></div><h2 class="battle-history">Turn 62</h2><div class="spacer battle-history"><br></div><div class="battle-history">Umbreon is fast asleep.<br></div><div class="battle-history"><small>The opposing big T woke up!</small><br></div><div class="spacer battle-history"><br></div><div class="battle-history">The opposing big T used <strong>Return</strong>!<br></div><div class="battle-history"><small>(Umbreon lost 31% of its health!)</small><br></div><div class="spacer battle-history"><br></div><div class="battle-history"><small>Umbreon restored a little HP using its Leftovers!</small><br></div><div class="battle-history"><small>The opposing big T restored a little HP using its Leftovers!</small><br></div><div class="spacer battle-history"><br></div><h2 class="battle-history">Turn 63</h2><div class="spacer battle-history"><br></div><div class="battle-history"><small>Umbreon woke up!</small><br></div><div class="spacer battle-history"><br></div><div class="battle-history">Umbreon used <strong>Charm</strong>!<br></div><div class="battle-history"><small>The opposing big T's Attack fell harshly!</small><br></div><div class="spacer battle-history"><br></div><div class="battle-history">The opposing big T used <strong>Rest</strong>!<br></div><div class="battle-history"><small>The opposing big T fell asleep!</small><br></div><div class="battle-history"><small>The opposing big T slept and became healthy!</small><br></div><div class="spacer battle-history"><br></div><div class="battle-history"><small>Umbreon restored a little HP using its Leftovers!</small><br></div><div class="spacer battle-history"><br></div><h2 class="battle-history">Turn 64</h2><div class="spacer battle-history"><br></div><div class="battle-history">Umbreon, come back!<br></div><div class="battle-history">Go! <strong>Snorlax</strong>!<br></div><div class="battle-history"><small>Snorlax was hurt by the spikes!</small><br></div><div class="spacer battle-history"><br></div><div class="battle-history">The opposing big T is fast asleep.<br></div><div class="spacer battle-history"><br></div><div class="battle-history"><small>Snorlax restored a little HP using its Leftovers!</small><br></div><div class="spacer battle-history"><br></div><h2 class="battle-history">Turn 65</h2><div class="spacer battle-history"><br></div><div class="battle-history">THANOS BOOTY CLAP withdrew big T!<br></div><div class="battle-history">THANOS BOOTY CLAP sent out McFucknasty (<strong>Misdreavus</strong>)!<br></div><div class="spacer battle-history"><br></div><div class="battle-history">Snorlax used <strong>Curse</strong>!<br></div><div class="battle-history"><small>Snorlax's Speed fell!</small><br></div><div class="battle-history"><small>Snorlax's Attack rose!</small><br></div><div class="battle-history"><small>Snorlax's Defense rose!</small><br></div><div class="spacer battle-history"><br></div><div class="battle-history"><small>The opposing McFucknasty restored a little HP using its Leftovers!</small><br></div><div class="battle-history"><small>Snorlax restored a little HP using its Leftovers!</small><br></div><div class="spacer battle-history"><br></div><h2 class="battle-history">Turn 66</h2><div class="spacer battle-history"><br></div><div class="battle-history">Snorlax, come back!<br></div><div class="battle-history">Go! <strong>Steelix</strong>!<br></div><div class="battle-history"><small>Steelix was hurt by the spikes!</small><br></div><div class="spacer battle-history"><br></div><div class="battle-history">The opposing McFucknasty used <strong>Toxic</strong>!<br></div><div class="battle-history"><small>It doesn't affect Steelix...</small><br></div><div class="spacer battle-history"><br></div><div class="battle-history"><small>The opposing McFucknasty restored a little HP using its Leftovers!</small><br></div><div class="battle-history"><small>Steelix restored a little HP using its Leftovers!</small><br></div><div class="spacer battle-history"><br></div><h2 class="battle-history">Turn 67</h2><div class="spacer battle-history"><br></div><div class="battle-history">THANOS BOOTY CLAP withdrew McFucknasty!<br></div><div class="battle-history">THANOS BOOTY CLAP sent out Fortnite Main (<strong>Skarmory</strong>)!<br></div><div class="spacer battle-history"><br></div><div class="battle-history">Steelix, come back!<br></div><div class="battle-history">Go! <strong>Zapdos</strong>!<br></div><div class="spacer battle-history"><br></div><div class="battle-history"><small>Zapdos restored a little HP using its Leftovers!</small><br></div><div class="spacer battle-history"><br></div><h2 class="battle-history">Turn 68</h2><div class="spacer battle-history"><br></div><div class="battle-history">Zapdos, come back!<br></div><div class="battle-history">Go! <strong>Snorlax</strong>!<br></div><div class="battle-history"><small>Snorlax was hurt by the spikes!</small><br></div><div class="spacer battle-history"><br></div><div class="battle-history">THANOS BOOTY CLAP withdrew Fortnite Main!<br></div><div class="battle-history">THANOS BOOTY CLAP sent out UterusPiledriver (<strong>Piloswine</strong>)!<br></div><div class="spacer battle-history"><br></div><div class="battle-history"><small>Snorlax restored a little HP using its Leftovers!</small><br></div><div class="spacer battle-history"><br></div><h2 class="battle-history">Turn 69</h2><div class="spacer battle-history"><br></div><div class="battle-history">THANOS BOOTY CLAP withdrew UterusPiledriver!<br></div><div class="battle-history">THANOS BOOTY CLAP sent out McFucknasty (<strong>Misdreavus</strong>)!<br></div><div class="spacer battle-history"><br></div><div class="battle-history">Snorlax used <strong>Curse</strong>!<br></div><div class="battle-history"><small>Snorlax's Speed fell!</small><br></div><div class="battle-history"><small>Snorlax's Attack rose!</small><br></div><div class="battle-history"><small>Snorlax's Defense rose!</small><br></div><div class="spacer battle-history"><br></div><div class="battle-history"><small>Snorlax restored a little HP using its Leftovers!</small><br></div><div class="spacer battle-history"><br></div><h2 class="battle-history">Turn 70</h2><div class="spacer battle-history"><br></div><div class="battle-history">The opposing McFucknasty used <strong>Toxic</strong>!<br></div><div class="battle-history"><small>The opposing McFucknasty's attack missed!</small><br></div><div class="spacer battle-history"><br></div><div class="battle-history">Snorlax used <strong>Rest</strong>!<br></div><div class="battle-history"><small>Snorlax fell asleep!</small><br></div><div class="battle-history"><small>Snorlax slept and became healthy!</small><br></div><div class="spacer battle-history"><br></div><h2 class="battle-history">Turn 71</h2><div class="spacer battle-history"><br></div><div class="battle-history">THANOS BOOTY CLAP withdrew McFucknasty!<br></div><div class="battle-history">THANOS BOOTY CLAP sent out Fortnite Main (<strong>Skarmory</strong>)!<br></div><div class="spacer battle-history"><br></div><div class="battle-history">Snorlax, come back!<br></div><div class="battle-history">Go! <strong>Steelix</strong>!<br></div><div class="battle-history"><small>Steelix was hurt by the spikes!</small><br></div><div class="spacer battle-history"><br></div><div class="battle-history"><small>Steelix restored a little HP using its Leftovers!</small><br></div><div class="spacer battle-history"><br></div><h2 class="battle-history">Turn 72</h2><div class="spacer battle-history"><br></div><div class="battle-history">Steelix, come back!<br></div><div class="battle-history">Go! <strong>Zapdos</strong>!<br></div><div class="battle-history"><small>The opposing Fortnite Main woke up!</small><br></div><div class="spacer battle-history"><br></div><div class="battle-history">The opposing Fortnite Main used <strong>Whirlwind</strong>!<br></div><div class="spacer battle-history"><br></div><div class="battle-history"><strong>Snorlax</strong> was dragged out!<br></div><div class="battle-history"><small>Snorlax was hurt by the spikes!</small><br></div><div class="spacer battle-history"><br></div><div class="battle-history"><small>Snorlax restored a little HP using its Leftovers!</small><br></div><div class="spacer battle-history"><br></div><h2 class="battle-history">Turn 73</h2><div class="spacer battle-history"><br></div><div class="battle-history">THANOS BOOTY CLAP withdrew Fortnite Main!<br></div><div class="battle-history">THANOS BOOTY CLAP sent out 3x(9-3) (<strong>Forretress</strong>)!<br></div><div class="spacer battle-history"><br></div><div class="battle-history">Snorlax is fast asleep.<br></div><div class="spacer battle-history"><br></div><div class="battle-history"><small>The opposing 3x(9-3) restored a little HP using its Leftovers!</small><br></div><div class="battle-history"><small>Snorlax restored a little HP using its Leftovers!</small><br></div><div class="spacer battle-history"><br></div><h2 class="battle-history">Turn 74</h2><div class="spacer battle-history"><br></div><div class="battle-history">Snorlax, come back!<br></div><div class="battle-history">Go! <strong>Steelix</strong>!<br></div><div class="battle-history"><small>Steelix was hurt by the spikes!</small><br></div><div class="spacer battle-history"><br></div><div class="battle-history">The opposing 3x(9-3) used <strong>Hidden Power</strong>!<br></div><div class="battle-history"><small>It's super effective!</small><br></div><div class="battle-history"><small>(Steelix lost 33% of its health!)</small><br></div><div class="spacer battle-history"><br></div><div class="battle-history"><small>The opposing 3x(9-3) restored a little HP using its Leftovers!</small><br></div><div class="battle-history"><small>Steelix restored a little HP using its Leftovers!</small><br></div><div class="spacer battle-history"><br></div><h2 class="battle-history">Turn 75</h2><div class="spacer battle-history"><br></div><div class="battle-history">Steelix, come back!<br></div><div class="battle-history">Go! <strong>Zapdos</strong>!<br></div><div class="spacer battle-history"><br></div><div class="battle-history">The opposing 3x(9-3) used <strong>Hidden Power</strong>!<br></div><div class="battle-history"><small>(Zapdos lost 12% of its health!)</small><br></div><div class="spacer battle-history"><br></div><div class="battle-history"><small>Zapdos restored a little HP using its Leftovers!</small><br></div><div class="battle-history"><small>The opposing 3x(9-3) restored a little HP using its Leftovers!</small><br></div><div class="spacer battle-history"><br></div><h2 class="battle-history">Turn 76</h2><div class="spacer battle-history"><br></div><div class="battle-history">Zapdos, come back!<br></div><div class="battle-history">Go! <strong>Snorlax</strong>!<br></div><div class="battle-history"><small>Snorlax was hurt by the spikes!</small><br></div><div class="spacer battle-history"><br></div><div class="battle-history">THANOS BOOTY CLAP withdrew 3x(9-3)!<br></div><div class="battle-history">THANOS BOOTY CLAP sent out UterusPiledriver (<strong>Piloswine</strong>)!<br></div><div class="spacer battle-history"><br></div><div class="battle-history"><small>Snorlax restored a little HP using its Leftovers!</small><br></div><div class="spacer battle-history"><br></div><h2 class="battle-history">Turn 77</h2><div class="spacer battle-history"><br></div><div class="battle-history">The opposing UterusPiledriver is fast asleep.<br></div><div class="spacer battle-history"><br></div><div class="battle-history">The opposing UterusPiledriver used <strong>Sleep Talk</strong>!<br></div><div class="spacer battle-history"><br></div><div class="battle-history">The opposing UterusPiledriver used <strong>Ice Beam</strong>!<br></div><div class="battle-history"><small>(Snorlax lost 15% of its health!)</small><br></div><div class="spacer battle-history"><br></div><div class="battle-history">Snorlax is fast asleep.<br></div><div class="spacer battle-history"><br></div><div class="battle-history"><small>Snorlax restored a little HP using its Leftovers!</small><br></div><div class="spacer battle-history"><br></div><h2 class="battle-history">Turn 78</h2><div class="spacer battle-history"><br></div><div class="battle-history">THANOS BOOTY CLAP withdrew UterusPiledriver!<br></div><div class="battle-history">THANOS BOOTY CLAP sent out McFucknasty (<strong>Misdreavus</strong>)!<br></div><div class="battle-history"><small>Snorlax woke up!</small><br></div><div class="spacer battle-history"><br></div><div class="battle-history">Snorlax used <strong>Curse</strong>!<br></div><div class="battle-history"><small>Snorlax's Speed fell!</small><br></div><div class="battle-history"><small>Snorlax's Attack rose!</small><br></div><div class="battle-history"><small>Snorlax's Defense rose!</small><br></div><div class="spacer battle-history"><br></div><div class="battle-history"><small>Snorlax restored a little HP using its Leftovers!</small><br></div><div class="spacer battle-history"><br></div><h2 class="battle-history">Turn 79</h2><div class="spacer battle-history"><br></div><div class="battle-history">Snorlax, come back!<br></div><div class="battle-history">Go! <strong>Umbreon</strong>!<br></div><div class="battle-history"><small>Umbreon was hurt by the spikes!</small><br></div><div class="spacer battle-history"><br></div><div class="battle-history">The opposing McFucknasty used <strong>Psychic</strong>!<br></div><div class="battle-history"><small>It doesn't affect Umbreon...</small><br></div><div class="spacer battle-history"><br></div><div class="battle-history"><small>Umbreon restored a little HP using its Leftovers!</small><br></div><div class="spacer battle-history"><br></div><h2 class="battle-history">Turn 80</h2><div class="spacer battle-history"><br></div><div class="battle-history">The opposing McFucknasty used <strong>Toxic</strong>!<br></div><div class="battle-history"><small>Umbreon was badly poisoned!</small><br></div><div class="spacer battle-history"><br></div><div class="battle-history">Umbreon used <strong>Pursuit</strong>!<br></div><div class="battle-history"><small>It's super effective!</small><br></div><div class="battle-history"><small>(The opposing McFucknasty lost 24% of its health!)</small><br></div><div class="battle-history"><small>Umbreon was hurt by poison!</small><br></div><div class="spacer battle-history"><br></div><div class="battle-history"><small>The opposing McFucknasty restored a little HP using its Leftovers!</small><br></div><div class="battle-history"><small>Umbreon restored a little HP using its Leftovers!</small><br></div><div class="spacer battle-history"><br></div><h2 class="battle-history">Turn 81</h2><div class="spacer battle-history"><br></div><div class="battle-history">The opposing McFucknasty used <strong>Protect</strong>!<br></div><div class="battle-history"><small>The opposing McFucknasty protected itself!</small><br></div><div class="spacer battle-history"><br></div><div class="battle-history">Umbreon used <strong>Pursuit</strong>!<br></div><div class="battle-history"><small>The opposing McFucknasty protected itself!</small><br></div><div class="battle-history"><small>Umbreon was hurt by poison!</small><br></div><div class="spacer battle-history"><br></div><div class="battle-history"><small>The opposing McFucknasty restored a little HP using its Leftovers!</small><br></div><div class="battle-history"><small>Umbreon restored a little HP using its Leftovers!</small><br></div><div class="spacer battle-history"><br></div><h2 class="battle-history">Turn 82</h2><div class="spacer battle-history"><br></div><div class="battle-history">The opposing McFucknasty used <strong>Protect</strong>!<br></div><div class="battle-history"><small>The opposing McFucknasty protected itself!</small><br></div><div class="spacer battle-history"><br></div><div class="battle-history">Umbreon used <strong>Pursuit</strong>!<br></div><div class="battle-history"><small>The opposing McFucknasty protected itself!</small><br></div><div class="battle-history"><small>Umbreon was hurt by poison!</small><br></div><div class="spacer battle-history"><br></div><div class="battle-history"><small>The opposing McFucknasty restored a little HP using its Leftovers!</small><br></div><div class="battle-history"><small>Umbreon restored a little HP using its Leftovers!</small><br></div><div class="spacer battle-history"><br></div><h2 class="battle-history">Turn 83</h2><div class="spacer battle-history"><br></div><div class="battle-history">The opposing McFucknasty used <strong>Psychic</strong>!<br></div><div class="battle-history"><small>It doesn't affect Umbreon...</small><br></div><div class="spacer battle-history"><br></div><div class="battle-history">Umbreon used <strong>Pursuit</strong>!<br></div><div class="battle-history"><small>It's super effective!</small><br></div><div class="battle-history"><small>(The opposing McFucknasty lost 23% of its health!)</small><br></div><div class="battle-history"><small>Umbreon was hurt by poison!</small><br></div><div class="spacer battle-history"><br></div><div class="battle-history"><small>The opposing McFucknasty restored a little HP using its Leftovers!</small><br></div><div class="battle-history"><small>Umbreon restored a little HP using its Leftovers!</small><br></div><div class="spacer battle-history"><br></div><h2 class="battle-history">Turn 84</h2><div class="spacer battle-history"><br></div><div class="battle-history">The opposing McFucknasty used <strong>Protect</strong>!<br></div><div class="battle-history"><small>The opposing McFucknasty protected itself!</small><br></div><div class="spacer battle-history"><br></div><div class="battle-history">Umbreon used <strong>Rest</strong>!<br></div><div class="battle-history"><small>Umbreon fell asleep!</small><br></div><div class="battle-history"><small>Umbreon slept and became healthy!</small><br></div><div class="spacer battle-history"><br></div><div class="battle-history"><small>The opposing McFucknasty restored a little HP using its Leftovers!</small><br></div><div class="spacer battle-history"><br></div><h2 class="battle-history">Turn 85</h2><div class="spacer battle-history"><br></div><div class="battle-history">THANOS BOOTY CLAP withdrew McFucknasty!<br></div><div class="battle-history">THANOS BOOTY CLAP sent out UterusPiledriver (<strong>Piloswine</strong>)!<br></div><div class="spacer battle-history"><br></div><div class="battle-history">Umbreon is fast asleep.<br></div><div class="spacer battle-history"><br></div><div class="battle-history">Umbreon used <strong>Sleep Talk</strong>!<br></div><div class="spacer battle-history"><br></div><div class="battle-history">Umbreon used <strong>Pursuit</strong>!<br></div><div class="battle-history"><small>(The opposing UterusPiledriver lost 12% of its health!)</small><br></div><div class="spacer battle-history"><br></div><div class="battle-history"><small>The opposing UterusPiledriver restored a little HP using its Leftovers!</small><br></div><div class="spacer battle-history"><br></div><h2 class="battle-history">Turn 86</h2><div class="spacer battle-history"><br></div><div class="battle-history">Umbreon is fast asleep.<br></div><div class="spacer battle-history"><br></div><div class="battle-history">Umbreon used <strong>Sleep Talk</strong>!<br></div><div class="spacer battle-history"><br></div><div class="battle-history">Umbreon used <strong>Charm</strong>!<br></div><div class="battle-history"><small>The opposing UterusPiledriver's Attack fell harshly!</small><br></div><div class="spacer battle-history"><br></div><div class="battle-history">The opposing UterusPiledriver is fast asleep.<br></div><div class="spacer battle-history"><br></div><div class="battle-history"><small>The opposing UterusPiledriver restored a little HP using its Leftovers!</small><br></div><div class="spacer battle-history"><br></div><h2 class="battle-history">Turn 87</h2><div class="spacer battle-history"><br></div><div class="battle-history">Umbreon, come back!<br></div><div class="battle-history">Go! <strong>Snorlax</strong>!<br></div><div class="battle-history"><small>Snorlax was hurt by the spikes!</small><br></div><div class="spacer battle-history"><br></div><div class="battle-history">THANOS BOOTY CLAP withdrew UterusPiledriver!<br></div><div class="battle-history">THANOS BOOTY CLAP sent out Fortnite Main (<strong>Skarmory</strong>)!<br></div><div class="spacer battle-history"><br></div><div class="battle-history"><small>Snorlax restored a little HP using its Leftovers!</small><br></div><div class="spacer battle-history"><br></div><h2 class="battle-history">Turn 88</h2><div class="spacer battle-history"><br></div><div class="battle-history">THANOS BOOTY CLAP withdrew Fortnite Main!<br></div><div class="battle-history">THANOS BOOTY CLAP sent out big T (<strong>Snorlax</strong>)!<br></div><div class="spacer battle-history"><br></div><div class="battle-history">Snorlax used <strong>Curse</strong>!<br></div><div class="battle-history"><small>Snorlax's Speed fell!</small><br></div><div class="battle-history"><small>Snorlax's Attack rose!</small><br></div><div class="battle-history"><small>Snorlax's Defense rose!</small><br></div><div class="spacer battle-history"><br></div><div class="battle-history"><small>Snorlax restored a little HP using its Leftovers!</small><br></div><div class="spacer battle-history"><br></div><h2 class="battle-history">Turn 89</h2><div class="spacer battle-history"><br></div><div class="battle-history">THANOS BOOTY CLAP withdrew big T!<br></div><div class="battle-history">THANOS BOOTY CLAP sent out McFucknasty (<strong>Misdreavus</strong>)!<br></div><div class="spacer battle-history"><br></div><div class="battle-history">Snorlax, come back!<br></div><div class="battle-history">Go! <strong>Umbreon</strong>!<br></div><div class="battle-history"><small>Umbreon was hurt by the spikes!</small><br></div><div class="spacer battle-history"><br></div><div class="battle-history"><small>The opposing McFucknasty restored a little HP using its Leftovers!</small><br></div><div class="battle-history"><small>Umbreon restored a little HP using its Leftovers!</small><br></div><div class="spacer battle-history"><br></div><h2 class="battle-history">Turn 90</h2><div class="spacer battle-history"><br></div><div class="battle-history">The opposing McFucknasty used <strong>Pain Split</strong>!<br></div><div class="battle-history"><small>The battlers shared their pain!</small><br></div><div class="battle-history"><small>Umbreon woke up!</small><br></div><div class="spacer battle-history"><br></div><div class="battle-history">Umbreon used <strong>Pursuit</strong>!<br></div><div class="battle-history"><small>It's super effective!</small><br></div><div class="battle-history"><small>(The opposing McFucknasty lost 25% of its health!)</small><br></div><div class="spacer battle-history"><br></div><div class="battle-history"><small>The opposing McFucknasty restored a little HP using its Leftovers!</small><br></div><div class="battle-history"><small>Umbreon restored a little HP using its Leftovers!</small><br></div><div class="spacer battle-history"><br></div><h2 class="battle-history">Turn 91</h2><div class="spacer battle-history"><br></div><div class="battle-history">The opposing McFucknasty used <strong>Toxic</strong>!<br></div><div class="battle-history"><small>Umbreon was badly poisoned!</small><br></div><div class="spacer battle-history"><br></div><div class="battle-history">Umbreon used <strong>Pursuit</strong>!<br></div><div class="battle-history"><small>A critical hit!</small><br></div><div class="battle-history"><small>It's super effective!</small><br></div><div class="battle-history"><small>(The opposing McFucknasty lost 49% of its health!)</small><br></div><div class="battle-history"><small>Umbreon was hurt by poison!</small><br></div><div class="spacer battle-history"><br></div><div class="battle-history"><small>The opposing McFucknasty restored a little HP using its Leftovers!</small><br></div><div class="battle-history"><small>Umbreon restored a little HP using its Leftovers!</small><br></div><div class="spacer battle-history"><br></div><h2 class="battle-history">Turn 92</h2><div class="spacer battle-history"><br></div><div class="battle-history">Umbreon, come back!<br></div><div class="battle-history">Go! <strong>Steelix</strong>!<br></div><div class="battle-history"><small>Steelix was hurt by the spikes!</small><br></div><div class="spacer battle-history"><br></div><div class="battle-history">The opposing McFucknasty used <strong>Pain Split</strong>!<br></div><div class="battle-history"><small>The battlers shared their pain!</small><br></div><div class="spacer battle-history"><br></div><div class="battle-history"><small>The opposing McFucknasty restored a little HP using its Leftovers!</small><br></div><div class="battle-history"><small>Steelix restored a little HP using its Leftovers!</small><br></div><div class="spacer battle-history"><br></div><h2 class="battle-history">Turn 93</h2><div class="spacer battle-history"><br></div><div class="battle-history">The opposing McFucknasty used <strong>Protect</strong>!<br></div><div class="battle-history"><small>The opposing McFucknasty protected itself!</small><br></div><div class="spacer battle-history"><br></div><div class="battle-history">Steelix used <strong>Curse</strong>!<br></div><div class="battle-history"><small>Steelix's Speed fell!</small><br></div><div class="battle-history"><small>Steelix's Attack rose!</small><br></div><div class="battle-history"><small>Steelix's Defense rose!</small><br></div><div class="spacer battle-history"><br></div><div class="battle-history"><small>The opposing McFucknasty restored a little HP using its Leftovers!</small><br></div><div class="battle-history"><small>Steelix restored a little HP using its Leftovers!</small><br></div><div class="spacer battle-history"><br></div><h2 class="battle-history">Turn 94</h2><div class="spacer battle-history"><br></div><div class="battle-history">THANOS BOOTY CLAP withdrew McFucknasty!<br></div><div class="battle-history">THANOS BOOTY CLAP sent out Fortnite Main (<strong>Skarmory</strong>)!<br></div><div class="spacer battle-history"><br></div><div class="battle-history">Steelix used <strong>Curse</strong>!<br></div><div class="battle-history"><small>Steelix's Speed fell!</small><br></div><div class="battle-history"><small>Steelix's Attack rose!</small><br></div><div class="battle-history"><small>Steelix's Defense rose!</small><br></div><div class="spacer battle-history"><br></div><div class="battle-history"><small>Steelix restored a little HP using its Leftovers!</small><br></div><div class="spacer battle-history"><br></div><h2 class="battle-history">Turn 95</h2><div class="spacer battle-history"><br></div><div class="battle-history">Steelix used <strong>Earthquake</strong>!<br></div><div class="battle-history"><small>It doesn't affect the opposing Fortnite Main...</small><br></div><div class="spacer battle-history"><br></div><div class="battle-history">The opposing Fortnite Main used <strong>Whirlwind</strong>!<br></div><div class="spacer battle-history"><br></div><div class="battle-history"><strong>Snorlax</strong> was dragged out!<br></div><div class="battle-history"><small>Snorlax was hurt by the spikes!</small><br></div><div class="spacer battle-history"><br></div><div class="battle-history"><small>Snorlax restored a little HP using its Leftovers!</small><br></div><div class="spacer battle-history"><br></div><h2 class="battle-history">Turn 96</h2><div class="spacer battle-history"><br></div><div class="battle-history">The opposing Fortnite Main used <strong>Drill Peck</strong>!<br></div><div class="battle-history"><small>(Snorlax lost 21% of its health!)</small><br></div><div class="spacer battle-history"><br></div><div class="battle-history">Snorlax used <strong>Curse</strong>!<br></div><div class="battle-history"><small>Snorlax's Speed fell!</small><br></div><div class="battle-history"><small>Snorlax's Attack rose!</small><br></div><div class="battle-history"><small>Snorlax's Defense rose!</small><br></div><div class="spacer battle-history"><br></div><div class="battle-history"><small>Snorlax restored a little HP using its Leftovers!</small><br></div><div class="spacer battle-history"><br></div><h2 class="battle-history">Turn 97</h2><div class="spacer battle-history"><br></div><div class="battle-history">Snorlax used <strong>Flamethrower</strong>!<br></div><div class="battle-history"><small>It's super effective!</small><br></div><div class="battle-history"><small>(The opposing Fortnite Main lost 45% of its health!)</small><br></div><div class="spacer battle-history"><br></div><div class="battle-history">The opposing Fortnite Main used <strong>Whirlwind</strong>!<br></div><div class="spacer battle-history"><br></div><div class="battle-history"><strong>Umbreon</strong> was dragged out!<br></div><div class="battle-history"><small>Umbreon was poisoned!</small><br></div><div class="battle-history"><small>Umbreon was hurt by the spikes!</small><br></div><div class="spacer battle-history"><br></div><div class="battle-history"><small>The opposing Fortnite Main restored a little HP using its Leftovers!</small><br></div><div class="battle-history"><small>Umbreon restored a little HP using its Leftovers!</small><br></div><div class="spacer battle-history"><br></div><h2 class="battle-history">Turn 98</h2><div class="spacer battle-history"><br></div><div class="battle-history">Umbreon, come back!<br></div><div class="battle-history">Go! <strong>Zapdos</strong>!<br></div><div class="spacer battle-history"><br></div><div class="battle-history">The opposing Fortnite Main used <strong>Drill Peck</strong>!<br></div><div class="battle-history"><small>It's not very effective...</small><br></div><div class="battle-history"><small>(Zapdos lost 12% of its health!)</small><br></div><div class="spacer battle-history"><br></div><div class="battle-history"><small>Zapdos restored a little HP using its Leftovers!</small><br></div><div class="battle-history"><small>The opposing Fortnite Main restored a little HP using its Leftovers!</small><br></div><div class="spacer battle-history"><br></div><h2 class="battle-history">Turn 99</h2><div class="spacer battle-history"><br></div><div class="battle-history">Zapdos, come back!<br></div><div class="battle-history">Go! <strong>Snorlax</strong>!<br></div><div class="battle-history"><small>Snorlax was hurt by the spikes!</small><br></div><div class="spacer battle-history"><br></div><div class="battle-history">THANOS BOOTY CLAP withdrew Fortnite Main!<br></div><div class="battle-history">THANOS BOOTY CLAP sent out UterusPiledriver (<strong>Piloswine</strong>)!<br></div><div class="spacer battle-history"><br></div><div class="battle-history"><small>Snorlax restored a little HP using its Leftovers!</small><br></div><div class="spacer battle-history"><br></div><h2 class="battle-history">Turn 100</h2><div class="spacer battle-history"><br></div><div class="battle-history">THANOS BOOTY CLAP withdrew UterusPiledriver!<br></div><div class="battle-history">THANOS BOOTY CLAP sent out McFucknasty (<strong>Misdreavus</strong>)!<br></div><div class="spacer battle-history"><br></div><div class="battle-history">Snorlax used <strong>Curse</strong>!<br></div><div class="battle-history"><small>Snorlax's Speed fell!</small><br></div><div class="battle-history"><small>Snorlax's Attack rose!</small><br></div><div class="battle-history"><small>Snorlax's Defense rose!</small><br></div><div class="spacer battle-history"><br></div><div class="battle-history"><small>The opposing McFucknasty restored a little HP using its Leftovers!</small><br></div><div class="battle-history"><small>Snorlax restored a little HP using its Leftovers!</small><br></div><div class="spacer battle-history"><br></div><h2 class="battle-history">Turn 101</h2><div class="spacer battle-history"><br></div><div class="battle-history">The opposing McFucknasty used <strong>Toxic</strong>!<br></div><div class="battle-history"><small>Snorlax was badly poisoned!</small><br></div><div class="spacer battle-history"><br></div><div class="battle-history">Snorlax used <strong>Flamethrower</strong>!<br></div><div class="battle-history"><small>(The opposing McFucknasty lost 17% of its health!)</small><br></div><div class="battle-history"><small>Snorlax was hurt by poison!</small><br></div><div class="spacer battle-history"><br></div><div class="battle-history"><small>The opposing McFucknasty restored a little HP using its Leftovers!</small><br></div><div class="battle-history"><small>Snorlax restored a little HP using its Leftovers!</small><br></div><div class="spacer battle-history"><br></div><h2 class="battle-history">Turn 102</h2><div class="spacer battle-history"><br></div><div class="battle-history">The opposing McFucknasty used <strong>Pain Split</strong>!<br></div><div class="battle-history"><small>The battlers shared their pain!</small><br></div><div class="spacer battle-history"><br></div><div class="battle-history">Snorlax used <strong>Rest</strong>!<br></div><div class="battle-history"><small>Snorlax fell asleep!</small><br></div><div class="battle-history"><small>Snorlax slept and became healthy!</small><br></div><div class="spacer battle-history"><br></div><div class="battle-history"><small>The opposing McFucknasty restored a little HP using its Leftovers!</small><br></div><div class="spacer battle-history"><br></div><h2 class="battle-history">Turn 103</h2><div class="spacer battle-history"><br></div><div class="battle-history">THANOS BOOTY CLAP withdrew McFucknasty!<br></div><div class="battle-history">THANOS BOOTY CLAP sent out big T (<strong>Snorlax</strong>)!<br></div><div class="spacer battle-history"><br></div><div class="battle-history">Snorlax is fast asleep.<br></div><div class="spacer battle-history"><br></div><h2 class="battle-history">Turn 104</h2><div class="spacer battle-history"><br></div><div class="battle-history">The opposing big T is fast asleep.<br></div><div class="spacer battle-history"><br></div><div class="battle-history">Snorlax is fast asleep.<br></div><div class="spacer battle-history"><br></div><h2 class="battle-history">Turn 105</h2><div class="spacer battle-history"><br></div><div class="battle-history">Snorlax, come back!<br></div><div class="battle-history">Go! <strong>Umbreon</strong>!<br></div><div class="battle-history"><small>Umbreon was hurt by the spikes!</small><br></div><div class="battle-history"><small>Umbreon was hurt by poison!</small><br></div><div class="battle-history"><small>The opposing big T woke up!</small><br></div><div class="spacer battle-history"><br></div><div class="battle-history">The opposing big T used <strong>Curse</strong>!<br></div><div class="battle-history"><small>The opposing big T's Speed fell!</small><br></div><div class="battle-history"><small>The opposing big T's Attack rose!</small><br></div><div class="battle-history"><small>The opposing big T's Defense rose!</small><br></div><div class="spacer battle-history"><br></div><div class="battle-history"><small>Umbreon restored a little HP using its Leftovers!</small><br></div><div class="spacer battle-history"><br></div><h2 class="battle-history">Turn 106</h2><div class="spacer battle-history"><br></div><div class="battle-history">Umbreon used <strong>Charm</strong>!<br></div><div class="battle-history"><small>The opposing big T's Attack fell harshly!</small><br></div><div class="battle-history"><small>Umbreon was hurt by poison!</small><br></div><div class="spacer battle-history"><br></div><div class="battle-history">The opposing big T used <strong>Return</strong>!<br></div><div class="battle-history"><small>(Umbreon lost 21% of its health!)</small><br></div><div class="spacer battle-history"><br></div><div class="battle-history"><small>Umbreon restored a little HP using its Leftovers!</small><br></div><div class="spacer battle-history"><br></div><h2 class="battle-history">Turn 107</h2><div class="spacer battle-history"><br></div><div class="battle-history">THANOS BOOTY CLAP withdrew big T!<br></div><div class="battle-history">THANOS BOOTY CLAP sent out UterusPiledriver (<strong>Piloswine</strong>)!<br></div><div class="spacer battle-history"><br></div><div class="battle-history">Umbreon used <strong>Rest</strong>!<br></div><div class="battle-history"><small>Umbreon fell asleep!</small><br></div><div class="battle-history"><small>Umbreon slept and became healthy!</small><br></div><div class="spacer battle-history"><br></div><h2 class="battle-history">Turn 108</h2><div class="spacer battle-history"><br></div><div class="battle-history">THANOS BOOTY CLAP withdrew UterusPiledriver!<br></div><div class="battle-history">THANOS BOOTY CLAP sent out 3x(9-3) (<strong>Forretress</strong>)!<br></div><div class="spacer battle-history"><br></div><div class="battle-history">Umbreon is fast asleep.<br></div><div class="spacer battle-history"><br></div><div class="battle-history">Umbreon used <strong>Sleep Talk</strong>!<br></div><div class="spacer battle-history"><br></div><div class="battle-history">Umbreon used <strong>Charm</strong>!<br></div><div class="battle-history"><small>The opposing 3x(9-3)'s Attack fell harshly!</small><br></div><div class="spacer battle-history"><br></div><div class="battle-history"><small>The opposing 3x(9-3) restored a little HP using its Leftovers!</small><br></div><div class="spacer battle-history"><br></div><h2 class="battle-history">Turn 109</h2><div class="spacer battle-history"><br></div><div class="battle-history">THANOS BOOTY CLAP withdrew 3x(9-3)!<br></div><div class="battle-history">THANOS BOOTY CLAP sent out Fortnite Main (<strong>Skarmory</strong>)!<br></div><div class="spacer battle-history"><br></div><div class="battle-history">Umbreon is fast asleep.<br></div><div class="spacer battle-history"><br></div><div class="battle-history">Umbreon used <strong>Sleep Talk</strong>!<br></div><div class="spacer battle-history"><br></div><div class="battle-history">Umbreon used <strong>Charm</strong>!<br></div><div class="battle-history"><small>The opposing Fortnite Main's Attack fell harshly!</small><br></div><div class="spacer battle-history"><br></div><div class="battle-history"><small>The opposing Fortnite Main restored a little HP using its Leftovers!</small><br></div><div class="spacer battle-history"><br></div><h2 class="battle-history">Turn 110</h2><div class="spacer battle-history"><br></div><div class="battle-history">Umbreon, come back!<br></div><div class="battle-history">Go! <strong>Zapdos</strong>!<br></div><div class="spacer battle-history"><br></div><div class="battle-history">The opposing Fortnite Main used <strong>Drill Peck</strong>!<br></div><div class="battle-history"><small>A critical hit!</small><br></div><div class="battle-history"><small>It's not very effective...</small><br></div><div class="battle-history"><small>(Zapdos lost 22% of its health!)</small><br></div><div class="spacer battle-history"><br></div><div class="battle-history"><small>Zapdos restored a little HP using its Leftovers!</small><br></div><div class="battle-history"><small>The opposing Fortnite Main restored a little HP using its Leftovers!</small><br></div><div class="spacer battle-history"><br></div><h2 class="battle-history">Turn 111</h2><div class="spacer battle-history"><br></div><div class="battle-history">THANOS BOOTY CLAP withdrew Fortnite Main!<br></div><div class="battle-history">THANOS BOOTY CLAP sent out big T (<strong>Snorlax</strong>)!<br></div><div class="spacer battle-history"><br></div><div class="battle-history">Zapdos used <strong>Hidden Power</strong>!<br></div><div class="battle-history"><small>(The opposing big T lost 10% of its health!)</small><br></div><div class="spacer battle-history"><br></div><div class="battle-history"><small>Zapdos restored a little HP using its Leftovers!</small><br></div><div class="battle-history"><small>The opposing big T restored a little HP using its Leftovers!</small><br></div><div class="spacer battle-history"><br></div><h2 class="battle-history">Turn 112</h2><div class="spacer battle-history"><br></div><div class="battle-history">Zapdos, come back!<br></div><div class="battle-history">Go! <strong>Umbreon</strong>!<br></div><div class="battle-history"><small>Umbreon was hurt by the spikes!</small><br></div><div class="spacer battle-history"><br></div><div class="battle-history">THANOS BOOTY CLAP withdrew big T!<br></div><div class="battle-history">THANOS BOOTY CLAP sent out UterusPiledriver (<strong>Piloswine</strong>)!<br></div><div class="spacer battle-history"><br></div><div class="battle-history"><small>Umbreon restored a little HP using its Leftovers!</small><br></div><div class="spacer battle-history"><br></div><h2 class="battle-history">Turn 113</h2><div class="spacer battle-history"><br></div><div class="battle-history"><small>Umbreon woke up!</small><br></div><div class="spacer battle-history"><br></div><div class="battle-history">Umbreon used <strong>Charm</strong>!<br></div><div class="battle-history"><small>The opposing UterusPiledriver's Attack fell harshly!</small><br></div><div class="battle-history"><small>The opposing UterusPiledriver woke up!</small><br></div><div class="spacer battle-history"><br></div><div class="battle-history">The opposing UterusPiledriver used <strong>Ice Beam</strong>!<br></div><div class="battle-history"><small>(Umbreon lost 17% of its health!)</small><br></div><div class="spacer battle-history"><br></div><div class="battle-history"><small>Umbreon restored a little HP using its Leftovers!</small><br></div><div class="spacer battle-history"><br></div><h2 class="battle-history">Turn 114</h2><div class="spacer battle-history"><br></div><div class="battle-history">Umbreon, come back!<br></div><div class="battle-history">Go! <strong>Snorlax</strong>!<br></div><div class="battle-history"><small>Snorlax was hurt by the spikes!</small><br></div><div class="spacer battle-history"><br></div><div class="battle-history">THANOS BOOTY CLAP withdrew UterusPiledriver!<br></div><div class="battle-history">THANOS BOOTY CLAP sent out Fortnite Main (<strong>Skarmory</strong>)!<br></div><div class="spacer battle-history"><br></div><div class="battle-history"><small>The opposing Fortnite Main restored a little HP using its Leftovers!</small><br></div><div class="battle-history"><small>Snorlax restored a little HP using its Leftovers!</small><br></div><div class="spacer battle-history"><br></div><h2 class="battle-history">Turn 115</h2><div class="spacer battle-history"><br></div><div class="battle-history">THANOS BOOTY CLAP withdrew Fortnite Main!<br></div><div class="battle-history">THANOS BOOTY CLAP sent out McFucknasty (<strong>Misdreavus</strong>)!<br></div><div class="battle-history"><small>Snorlax woke up!</small><br></div><div class="spacer battle-history"><br></div><div class="battle-history">Snorlax used <strong>Flamethrower</strong>!<br></div><div class="battle-history"><small>(The opposing McFucknasty lost 19% of its health!)</small><br></div><div class="spacer battle-history"><br></div><div class="battle-history"><small>The opposing McFucknasty restored a little HP using its Leftovers!</small><br></div><div class="battle-history"><small>Snorlax restored a little HP using its Leftovers!</small><br></div><div class="spacer battle-history"><br></div><h2 class="battle-history">Turn 116</h2><div class="spacer battle-history"><br></div><div class="battle-history">The opposing McFucknasty used <strong>Toxic</strong>!<br></div><div class="battle-history"><small>The opposing McFucknasty's attack missed!</small><br></div><div class="spacer battle-history"><br></div><div class="battle-history">Snorlax used <strong>Flamethrower</strong>!<br></div><div class="battle-history"><small>(The opposing McFucknasty lost 19% of its health!)</small><br></div><div class="spacer battle-history"><br></div><div class="battle-history"><small>The opposing McFucknasty restored a little HP using its Leftovers!</small><br></div><div class="battle-history"><small>Snorlax restored a little HP using its Leftovers!</small><br></div><div class="spacer battle-history"><br></div><h2 class="battle-history">Turn 117</h2><div class="spacer battle-history"><br></div><div class="battle-history">The opposing McFucknasty used <strong>Toxic</strong>!<br></div><div class="battle-history"><small>Snorlax was badly poisoned!</small><br></div><div class="spacer battle-history"><br></div><div class="battle-history">Snorlax used <strong>Flamethrower</strong>!<br></div><div class="battle-history"><small>(The opposing McFucknasty lost 20% of its health!)</small><br></div><div class="battle-history"><small>Snorlax was hurt by poison!</small><br></div><div class="spacer battle-history"><br></div><div class="battle-history"><small>The opposing McFucknasty restored a little HP using its Leftovers!</small><br></div><div class="battle-history"><small>Snorlax restored a little HP using its Leftovers!</small><br></div><div class="spacer battle-history"><br></div><h2 class="battle-history">Turn 118</h2><div class="chat message-error">hsa has 270 seconds left.</div><div class="chat message-error">hsa has 240 seconds left.</div><div class="chat chatmessage-thanosbootyclap"><strong style="color:#2ba182"><small>☆</small><span class="username" data-name="THANOS BOOTY CLAP">THANOS BOOTY CLAP</span>:</strong> <em>test</em></div><div class="chat message-error">hsa has 210 seconds left.</div><div class="spacer battle-history"><br></div><div class="battle-history">THANOS BOOTY CLAP withdrew McFucknasty!<br></div><div class="battle-history">THANOS BOOTY CLAP sent out big T (<strong>Snorlax</strong>)!<br></div><div class="spacer battle-history"><br></div><div class="battle-history">Snorlax, come back!<br></div><div class="battle-history">Go! <strong>Steelix</strong>!<br></div><div class="battle-history"><small>Steelix was hurt by the spikes!</small><br></div><div class="spacer battle-history"><br></div><div class="battle-history"><small>The opposing big T restored a little HP using its Leftovers!</small><br></div><div class="battle-history"><small>Steelix restored a little HP using its Leftovers!</small><br></div><div class="spacer battle-history"><br></div><h2 class="battle-history">Turn 119</h2><div class="spacer battle-history"><br></div><div class="battle-history">Steelix, come back!<br></div><div class="battle-history">Go! <strong>Umbreon</strong>!<br></div><div class="battle-history"><small>Umbreon was hurt by the spikes!</small><br></div><div class="spacer battle-history"><br></div><div class="battle-history">The opposing big T used <strong>Return</strong>!<br></div><div class="battle-history"><small>(Umbreon lost 29% of its health!)</small><br></div><div class="spacer battle-history"><br></div><div class="battle-history"><small>Umbreon restored a little HP using its Leftovers!</small><br></div><div class="spacer battle-history"><br></div><h2 class="battle-history">Turn 120</h2><div class="spacer battle-history"><br></div><div class="battle-history">Umbreon used <strong>Charm</strong>!<br></div><div class="battle-history"><small>The opposing big T's Attack fell harshly!</small><br></div><div class="spacer battle-history"><br></div><div class="battle-history">The opposing big T used <strong>Return</strong>!<br></div><div class="battle-history"><small>(Umbreon lost 16% of its health!)</small><br></div><div class="spacer battle-history"><br></div><div class="battle-history"><small>Umbreon restored a little HP using its Leftovers!</small><br></div><div class="spacer battle-history"><br></div><h2 class="battle-history">Turn 121</h2><div class="chat message-error">hsa has 180 seconds left.</div><div class="spacer battle-history"><br></div><div class="battle-history">THANOS BOOTY CLAP withdrew big T!<br></div><div class="battle-history">THANOS BOOTY CLAP sent out Fortnite Main (<strong>Skarmory</strong>)!<br></div><div class="spacer battle-history"><br></div><div class="battle-history">Umbreon used <strong>Rest</strong>!<br></div><div class="battle-history"><small>Umbreon fell asleep!</small><br></div><div class="battle-history"><small>Umbreon slept and became healthy!</small><br></div><div class="spacer battle-history"><br></div><div class="battle-history"><small>The opposing Fortnite Main restored a little HP using its Leftovers!</small><br></div><div class="spacer battle-history"><br></div><h2 class="battle-history">Turn 122</h2><div class="spacer battle-history"><br></div><div class="battle-history">The opposing Fortnite Main used <strong>Drill Peck</strong>!<br></div><div class="battle-history"><small>(Umbreon lost 18% of its health!)</small><br></div><div class="spacer battle-history"><br></div><div class="battle-history">Umbreon is fast asleep.<br></div><div class="spacer battle-history"><br></div><div class="battle-history"><small>The opposing Fortnite Main restored a little HP using its Leftovers!</small><br></div><div class="battle-history"><small>Umbreon restored a little HP using its Leftovers!</small><br></div><div class="spacer battle-history"><br></div><h2 class="battle-history">Turn 123</h2><div class="spacer battle-history"><br></div><div class="battle-history">Umbreon, come back!<br></div><div class="battle-history">Go! <strong>Zapdos</strong>!<br></div><div class="spacer battle-history"><br></div><div class="battle-history">The opposing Fortnite Main used <strong>Whirlwind</strong>!<br></div><div class="spacer battle-history"><br></div><div class="battle-history"><strong>Steelix</strong> was dragged out!<br></div><div class="battle-history"><small>Steelix was hurt by the spikes!</small><br></div><div class="spacer battle-history"><br></div><div class="battle-history"><small>The opposing Fortnite Main restored a little HP using its Leftovers!</small><br></div><div class="battle-history"><small>Steelix restored a little HP using its Leftovers!</small><br></div><div class="spacer battle-history"><br></div><h2 class="battle-history">Turn 124</h2><div class="spacer battle-history"><br></div><div class="battle-history">The opposing Fortnite Main used <strong>Drill Peck</strong>!<br></div><div class="battle-history"><small>It's not very effective...</small><br></div><div class="battle-history"><small>(Steelix lost 8% of its health!)</small><br></div><div class="spacer battle-history"><br></div><div class="battle-history">Steelix used <strong>Curse</strong>!<br></div><div class="battle-history"><small>Steelix's Speed fell!</small><br></div><div class="battle-history"><small>Steelix's Attack rose!</small><br></div><div class="battle-history"><small>Steelix's Defense rose!</small><br></div><div class="spacer battle-history"><br></div><div class="battle-history"><small>Steelix restored a little HP using its Leftovers!</small><br></div><div class="spacer battle-history"><br></div><h2 class="battle-history">Turn 125</h2><div class="spacer battle-history"><br></div><div class="battle-history">The opposing Fortnite Main used <strong>Drill Peck</strong>!<br></div><div class="battle-history"><small>It's not very effective...</small><br></div><div class="battle-history"><small>(Steelix lost 5% of its health!)</small><br></div><div class="spacer battle-history"><br></div><div class="battle-history">Steelix used <strong>Roar</strong>!<br></div><div class="spacer battle-history"><br></div><div class="battle-history">UterusPiledriver (<strong>Piloswine</strong>) was dragged out!<br></div><div class="spacer battle-history"><br></div><div class="battle-history"><small>Steelix restored a little HP using its Leftovers!</small><br></div><div class="spacer battle-history"><br></div><h2 class="battle-history">Turn 126</h2><div class="chat message-error">hsa has 150 seconds left.</div><div class="spacer battle-history"><br></div><div class="battle-history">Steelix, come back!<br></div><div class="battle-history">Go! <strong>Zapdos</strong>!<br></div><div class="spacer battle-history"><br></div><div class="battle-history">The opposing UterusPiledriver used <strong>Earthquake</strong>!<br></div><div class="battle-history"><small>It doesn't affect Zapdos...</small><br></div><div class="spacer battle-history"><br></div><div class="battle-history"><small>Zapdos restored a little HP using its Leftovers!</small><br></div><div class="spacer battle-history"><br></div><h2 class="battle-history">Turn 127</h2><div class="chat message-error">hsa has 150 seconds left.</div><div class="spacer battle-history"><br></div><div class="battle-history">Zapdos, come back!<br></div><div class="battle-history">Go! <strong>Umbreon</strong>!<br></div><div class="battle-history"><small>Umbreon was hurt by the spikes!</small><br></div><div class="spacer battle-history"><br></div><div class="battle-history">The opposing UterusPiledriver used <strong>Earthquake</strong>!<br></div><div class="battle-history"><small>(Umbreon lost 30% of its health!)</small><br></div><div class="spacer battle-history"><br></div><div class="battle-history"><small>Umbreon restored a little HP using its Leftovers!</small><br></div><div class="spacer battle-history"><br></div><h2 class="battle-history">Turn 128</h2><div class="spacer battle-history"><br></div><div class="battle-history">Umbreon is fast asleep.<br></div><div class="spacer battle-history"><br></div><div class="battle-history">Umbreon used <strong>Sleep Talk</strong>!<br></div><div class="spacer battle-history"><br></div><div class="battle-history">Umbreon used <strong>Pursuit</strong>!<br></div><div class="battle-history"><small>(The opposing UterusPiledriver lost 12% of its health!)</small><br></div><div class="spacer battle-history"><br></div><div class="battle-history">The opposing UterusPiledriver used <strong>Earthquake</strong>!<br></div><div class="battle-history"><small>(Umbreon lost 28% of its health!)</small><br></div><div class="spacer battle-history"><br></div><div class="battle-history"><small>Umbreon restored a little HP using its Leftovers!</small><br></div><div class="battle-history"><small>The opposing UterusPiledriver restored a little HP using its Leftovers!</small><br></div><div class="spacer battle-history"><br></div><h2 class="battle-history">Turn 129</h2><div class="spacer battle-history"><br></div><div class="battle-history">THANOS BOOTY CLAP withdrew UterusPiledriver!<br></div><div class="battle-history">THANOS BOOTY CLAP sent out 3x(9-3) (<strong>Forretress</strong>)!<br></div><div class="battle-history"><small>Umbreon woke up!</small><br></div><div class="spacer battle-history"><br></div><div class="battle-history">Umbreon used <strong>Rest</strong>!<br></div><div class="battle-history"><small>Umbreon fell asleep!</small><br></div><div class="battle-history"><small>Umbreon slept and became healthy!</small><br></div><div class="spacer battle-history"><br></div><div class="battle-history"><small>The opposing 3x(9-3) restored a little HP using its Leftovers!</small><br></div><div class="spacer battle-history"><br></div><h2 class="battle-history">Turn 130</h2><div class="spacer battle-history"><br></div><div class="battle-history">THANOS BOOTY CLAP withdrew 3x(9-3)!<br></div><div class="battle-history">THANOS BOOTY CLAP sent out big T (<strong>Snorlax</strong>)!<br></div><div class="spacer battle-history"><br></div><div class="battle-history">Umbreon is fast asleep.<br></div><div class="spacer battle-history"><br></div><div class="battle-history">Umbreon used <strong>Sleep Talk</strong>!<br></div><div class="spacer battle-history"><br></div><div class="battle-history">Umbreon used <strong>Rest</strong>!<br></div><div class="battle-history"><small>But it failed!</small><br></div><div class="spacer battle-history"><br></div><h2 class="battle-history">Turn 131</h2><div class="spacer battle-history"><br></div><div class="battle-history">Umbreon is fast asleep.<br></div><div class="spacer battle-history"><br></div><div class="battle-history">The opposing big T used <strong>Return</strong>!<br></div><div class="battle-history"><small>A critical hit!</small><br></div><div class="battle-history"><small>(Umbreon lost 60% of its health!)</small><br></div><div class="spacer battle-history"><br></div><div class="battle-history"><small>Umbreon restored a little HP using its Leftovers!</small><br></div><div class="spacer battle-history"><br></div><h2 class="battle-history">Turn 132</h2><div class="spacer battle-history"><br></div><div class="battle-history"><small>Umbreon woke up!</small><br></div><div class="spacer battle-history"><br></div><div class="battle-history">Umbreon used <strong>Charm</strong>!<br></div><div class="battle-history"><small>The opposing big T's Attack fell harshly!</small><br></div><div class="spacer battle-history"><br></div><div class="battle-history">The opposing big T used <strong>Return</strong>!<br></div><div class="battle-history"><small>(Umbreon lost 15% of its health!)</small><br></div><div class="spacer battle-history"><br></div><div class="battle-history"><small>Umbreon restored a little HP using its Leftovers!</small><br></div><div class="spacer battle-history"><br></div><h2 class="battle-history">Turn 133</h2><div class="spacer battle-history"><br></div><div class="battle-history">THANOS BOOTY CLAP withdrew big T!<br></div><div class="battle-history">THANOS BOOTY CLAP sent out 3x(9-3) (<strong>Forretress</strong>)!<br></div><div class="spacer battle-history"><br></div><div class="battle-history">Umbreon used <strong>Rest</strong>!<br></div><div class="battle-history"><small>Umbreon fell asleep!</small><br></div><div class="battle-history"><small>Umbreon slept and became healthy!</small><br></div><div class="spacer battle-history"><br></div><div class="battle-history"><small>The opposing 3x(9-3) restored a little HP using its Leftovers!</small><br></div><div class="spacer battle-history"><br></div><h2 class="battle-history">Turn 134</h2><div class="spacer battle-history"><br></div><div class="battle-history">THANOS BOOTY CLAP withdrew 3x(9-3)!<br></div><div class="battle-history">THANOS BOOTY CLAP sent out big T (<strong>Snorlax</strong>)!<br></div><div class="spacer battle-history"><br></div><div class="battle-history">Umbreon is fast asleep.<br></div><div class="spacer battle-history"><br></div><h2 class="battle-history">Turn 135</h2><div class="spacer battle-history"><br></div><div class="battle-history">THANOS BOOTY CLAP withdrew big T!<br></div><div class="battle-history">THANOS BOOTY CLAP sent out 3x(9-3) (<strong>Forretress</strong>)!<br></div><div class="spacer battle-history"><br></div><div class="battle-history">Umbreon is fast asleep.<br></div><div class="spacer battle-history"><br></div><div class="battle-history"><small>The opposing 3x(9-3) restored a little HP using its Leftovers!</small><br></div><div class="spacer battle-history"><br></div><h2 class="battle-history">Turn 136</h2><div class="chat message-error">hsa has 180 seconds left.</div><div class="spacer battle-history"><br></div><div class="battle-history">Umbreon, come back!<br></div><div class="battle-history">Go! <strong>Zapdos</strong>!<br></div><div class="spacer battle-history"><br></div><div class="battle-history">The opposing 3x(9-3) used <strong>Toxic</strong>!<br></div><div class="battle-history"><small>Zapdos was badly poisoned!</small><br></div><div class="spacer battle-history"><br></div><div class="battle-history"><small>Zapdos restored a little HP using its Leftovers!</small><br></div><div class="battle-history"><small>The opposing 3x(9-3) restored a little HP using its Leftovers!</small><br></div><div class="spacer battle-history"><br></div><h2 class="battle-history">Turn 137</h2><div class="chat message-error">hsa has 180 seconds left.</div><div class="spacer battle-history"><br></div><div class="battle-history">Zapdos, come back!<br></div><div class="battle-history">Go! <strong>Snorlax</strong>!<br></div><div class="battle-history"><small>Snorlax was poisoned!</small><br></div><div class="battle-history"><small>Snorlax was hurt by the spikes!</small><br></div><div class="battle-history"><small>Snorlax was hurt by poison!</small><br></div><div class="spacer battle-history"><br></div><div class="battle-history">THANOS BOOTY CLAP withdrew 3x(9-3)!<br></div><div class="battle-history">THANOS BOOTY CLAP sent out UterusPiledriver (<strong>Piloswine</strong>)!<br></div><div class="spacer battle-history"><br></div><div class="battle-history"><small>The opposing UterusPiledriver restored a little HP using its Leftovers!</small><br></div><div class="battle-history"><small>Snorlax restored a little HP using its Leftovers!</small><br></div><div class="spacer battle-history"><br></div><h2 class="battle-history">Turn 138</h2><div class="spacer battle-history"><br></div><div class="battle-history">The opposing UterusPiledriver used <strong>Earthquake</strong>!<br></div><div class="battle-history"><small>(Snorlax lost 27% of its health!)</small><br></div><div class="spacer battle-history"><br></div><div class="battle-history">Snorlax used <strong>Curse</strong>!<br></div><div class="battle-history"><small>Snorlax's Speed fell!</small><br></div><div class="battle-history"><small>Snorlax's Attack rose!</small><br></div><div class="battle-history"><small>Snorlax's Defense rose!</small><br></div><div class="battle-history"><small>Snorlax was hurt by poison!</small><br></div><div class="spacer battle-history"><br></div><div class="battle-history"><small>Snorlax restored a little HP using its Leftovers!</small><br></div><div class="spacer battle-history"><br></div><h2 class="battle-history">Turn 139</h2><div class="spacer battle-history"><br></div><div class="battle-history">THANOS BOOTY CLAP withdrew UterusPiledriver!<br></div><div class="battle-history">THANOS BOOTY CLAP sent out McFucknasty (<strong>Misdreavus</strong>)!<br></div><div class="spacer battle-history"><br></div><div class="battle-history">Snorlax used <strong>Rest</strong>!<br></div><div class="battle-history"><small>Snorlax fell asleep!</small><br></div><div class="battle-history"><small>Snorlax slept and became healthy!</small><br></div><div class="spacer battle-history"><br></div><div class="battle-history"><small>The opposing McFucknasty restored a little HP using its Leftovers!</small><br></div><div class="spacer battle-history"><br></div><h2 class="battle-history">Turn 140</h2><div class="spacer battle-history"><br></div><div class="battle-history">Snorlax, come back!<br></div><div class="battle-history">Go! <strong>Steelix</strong>!<br></div><div class="battle-history"><small>Steelix was hurt by the spikes!</small><br></div><div class="spacer battle-history"><br></div><div class="battle-history">The opposing McFucknasty used <strong>Pain Split</strong>!<br></div><div class="battle-history"><small>The battlers shared their pain!</small><br></div><div class="spacer battle-history"><br></div><div class="battle-history"><small>The opposing McFucknasty restored a little HP using its Leftovers!</small><br></div><div class="battle-history"><small>Steelix restored a little HP using its Leftovers!</small><br></div><div class="spacer battle-history"><br></div><h2 class="battle-history">Turn 141</h2><div class="spacer battle-history"><br></div><div class="battle-history">THANOS BOOTY CLAP withdrew McFucknasty!<br></div><div class="battle-history">THANOS BOOTY CLAP sent out UterusPiledriver (<strong>Piloswine</strong>)!<br></div><div class="spacer battle-history"><br></div><div class="battle-history">Steelix, come back!<br></div><div class="battle-history">Go! <strong>Zapdos</strong>!<br></div><div class="battle-history"><small>Zapdos was poisoned!</small><br></div><div class="battle-history"><small>Zapdos was hurt by poison!</small><br></div><div class="spacer battle-history"><br></div><div class="battle-history"><small>Zapdos restored a little HP using its Leftovers!</small><br></div><div class="spacer battle-history"><br></div><h2 class="battle-history">Turn 142</h2><div class="spacer battle-history"><br></div><div class="battle-history">Zapdos used <strong>Hidden Power</strong>!<br></div><div class="battle-history"><small>(The opposing UterusPiledriver lost 22% of its health!)</small><br></div><div class="battle-history"><small>Zapdos was hurt by poison!</small><br></div><div class="spacer battle-history"><br></div><div class="battle-history">The opposing UterusPiledriver used <strong>Ice Beam</strong>!<br></div><div class="battle-history"><small>It's super effective!</small><br></div><div class="battle-history"><small>(Zapdos lost 47% of its health!)</small><br></div><div class="spacer battle-history"><br></div><div class="battle-history"><small>Zapdos restored a little HP using its Leftovers!</small><br></div><div class="battle-history"><small>The opposing UterusPiledriver restored a little HP using its Leftovers!</small><br></div><div class="spacer battle-history"><br></div><h2 class="battle-history">Turn 143</h2><div class="spacer battle-history"><br></div><div class="battle-history">Zapdos used <strong>Rest</strong>!<br></div><div class="battle-history"><small>Zapdos fell asleep!</small><br></div><div class="battle-history"><small>Zapdos slept and became healthy!</small><br></div><div class="spacer battle-history"><br></div><div class="battle-history">The opposing UterusPiledriver used <strong>Ice Beam</strong>!<br></div><div class="battle-history"><small>It's super effective!</small><br></div><div class="battle-history"><small>(Zapdos lost 44% of its health!)</small><br></div><div class="spacer battle-history"><br></div><div class="battle-history"><small>Zapdos restored a little HP using its Leftovers!</small><br></div><div class="battle-history"><small>The opposing UterusPiledriver restored a little HP using its Leftovers!</small><br></div><div class="spacer battle-history"><br></div><h2 class="battle-history">Turn 144</h2><div class="spacer battle-history"><br></div><div class="battle-history">Zapdos, come back!<br></div><div class="battle-history">Go! <strong>Umbreon</strong>!<br></div><div class="battle-history"><small>Umbreon was hurt by the spikes!</small><br></div><div class="spacer battle-history"><br></div><div class="battle-history">THANOS BOOTY CLAP withdrew UterusPiledriver!<br></div><div class="battle-history">THANOS BOOTY CLAP sent out big T (<strong>Snorlax</strong>)!<br></div><div class="spacer battle-history"><br></div><div class="battle-history"><small>Umbreon restored a little HP using its Leftovers!</small><br></div><div class="spacer battle-history"><br></div><h2 class="battle-history">Turn 145</h2><div class="spacer battle-history"><br></div><div class="battle-history">Umbreon, come back!<br></div><div class="battle-history">Go! <strong>Zapdos</strong>!<br></div><div class="spacer battle-history"><br></div><div class="battle-history">THANOS BOOTY CLAP withdrew big T!<br></div><div class="battle-history">THANOS BOOTY CLAP sent out UterusPiledriver (<strong>Piloswine</strong>)!<br></div><div class="spacer battle-history"><br></div><div class="battle-history"><small>Zapdos restored a little HP using its Leftovers!</small><br></div><div class="battle-history"><small>The opposing UterusPiledriver restored a little HP using its Leftovers!</small><br></div><div class="spacer battle-history"><br></div><h2 class="battle-history">Turn 146</h2><div class="spacer battle-history"><br></div><div class="battle-history">Zapdos, come back!<br></div><div class="battle-history">Go! <strong>Umbreon</strong>!<br></div><div class="battle-history"><small>Umbreon was hurt by the spikes!</small><br></div><div class="spacer battle-history"><br></div><div class="battle-history">THANOS BOOTY CLAP withdrew UterusPiledriver!<br></div><div class="battle-history">THANOS BOOTY CLAP sent out big T (<strong>Snorlax</strong>)!<br></div><div class="spacer battle-history"><br></div><div class="battle-history"><small>Umbreon restored a little HP using its Leftovers!</small><br></div><div class="spacer battle-history"><br></div><h2 class="battle-history">Turn 147</h2><div class="chat message-error">hsa has 180 seconds left.</div><div class="spacer battle-history"><br></div><div class="battle-history">THANOS BOOTY CLAP withdrew big T!<br></div><div class="battle-history">THANOS BOOTY CLAP sent out UterusPiledriver (<strong>Piloswine</strong>)!<br></div><div class="battle-history"><small>Umbreon woke up!</small><br></div><div class="spacer battle-history"><br></div><div class="battle-history">Umbreon used <strong>Charm</strong>!<br></div><div class="battle-history"><small>The opposing UterusPiledriver's Attack fell harshly!</small><br></div><div class="spacer battle-history"><br></div><div class="battle-history"><small>Umbreon restored a little HP using its Leftovers!</small><br></div><div class="battle-history"><small>The opposing UterusPiledriver restored a little HP using its Leftovers!</small><br></div><div class="spacer battle-history"><br></div><h2 class="battle-history">Turn 148</h2><div class="chat message-error">hsa has 180 seconds left.</div><div class="spacer battle-history"><br></div><div class="battle-history">Umbreon used <strong>Pursuit</strong>!<br></div><div class="battle-history"><small>(The opposing UterusPiledriver lost 12% of its health!)</small><br></div><div class="spacer battle-history"><br></div><div class="battle-history">The opposing UterusPiledriver used <strong>Ice Beam</strong>!<br></div><div class="battle-history"><small>(Umbreon lost 17% of its health!)</small><br></div><div class="spacer battle-history"><br></div><div class="battle-history"><small>Umbreon restored a little HP using its Leftovers!</small><br></div><div class="battle-history"><small>The opposing UterusPiledriver restored a little HP using its Leftovers!</small><br></div><div class="spacer battle-history"><br></div><h2 class="battle-history">Turn 149</h2><div class="chat message-error">hsa has 180 seconds left.</div><div class="spacer battle-history"><br></div><div class="battle-history">Umbreon, come back!<br></div><div class="battle-history">Go! <strong>Snorlax</strong>!<br></div><div class="battle-history"><small>Snorlax was hurt by the spikes!</small><br></div><div class="spacer battle-history"><br></div><div class="battle-history">THANOS BOOTY CLAP withdrew UterusPiledriver!<br></div><div class="battle-history">THANOS BOOTY CLAP sent out big T (<strong>Snorlax</strong>)!<br></div><div class="spacer battle-history"><br></div><div class="battle-history"><small>Snorlax restored a little HP using its Leftovers!</small><br></div><div class="spacer battle-history"><br></div><h2 class="battle-history">Turn 150</h2><div class="spacer battle-history"><br></div><div class="battle-history">Snorlax, come back!<br></div><div class="battle-history">Go! <strong>Umbreon</strong>!<br></div><div class="battle-history"><small>Umbreon was hurt by the spikes!</small><br></div><div class="spacer battle-history"><br></div><div class="battle-history">The opposing big T used <strong>Return</strong>!<br></div><div class="battle-history"><small>(Umbreon lost 28% of its health!)</small><br></div><div class="spacer battle-history"><br></div><div class="battle-history"><small>Umbreon restored a little HP using its Leftovers!</small><br></div><div class="spacer battle-history"><br></div><h2 class="battle-history">Turn 151</h2><div class="spacer battle-history"><br></div><div class="battle-history">Umbreon used <strong>Charm</strong>!<br></div><div class="battle-history"><small>The opposing big T's Attack fell harshly!</small><br></div><div class="spacer battle-history"><br></div><div class="battle-history">The opposing big T used <strong>Return</strong>!<br></div><div class="battle-history"><small>(Umbreon lost 14% of its health!)</small><br></div><div class="spacer battle-history"><br></div><div class="battle-history"><small>Umbreon restored a little HP using its Leftovers!</small><br></div><div class="spacer battle-history"><br></div><h2 class="battle-history">Turn 152</h2><div class="spacer battle-history"><br></div><div class="battle-history">THANOS BOOTY CLAP withdrew big T!<br></div><div class="battle-history">THANOS BOOTY CLAP sent out UterusPiledriver (<strong>Piloswine</strong>)!<br></div><div class="spacer battle-history"><br></div><div class="battle-history">Umbreon used <strong>Rest</strong>!<br></div><div class="battle-history"><small>Umbreon fell asleep!</small><br></div><div class="battle-history"><small>Umbreon slept and became healthy!</small><br></div><div class="spacer battle-history"><br></div><div class="battle-history"><small>The opposing UterusPiledriver restored a little HP using its Leftovers!</small><br></div><div class="spacer battle-history"><br></div><h2 class="battle-history">Turn 153</h2><div class="spacer battle-history"><br></div><div class="battle-history">THANOS BOOTY CLAP withdrew UterusPiledriver!<br></div><div class="battle-history">THANOS BOOTY CLAP sent out big T (<strong>Snorlax</strong>)!<br></div><div class="spacer battle-history"><br></div><div class="battle-history">Umbreon is fast asleep.<br></div><div class="spacer battle-history"><br></div><h2 class="battle-history">Turn 154</h2><div class="spacer battle-history"><br></div><div class="battle-history">THANOS BOOTY CLAP withdrew big T!<br></div><div class="battle-history">THANOS BOOTY CLAP sent out UterusPiledriver (<strong>Piloswine</strong>)!<br></div><div class="spacer battle-history"><br></div><div class="battle-history">Umbreon is fast asleep.<br></div><div class="spacer battle-history"><br></div><div class="battle-history"><small>The opposing UterusPiledriver restored a little HP using its Leftovers!</small><br></div><div class="spacer battle-history"><br></div><h2 class="battle-history">Turn 155</h2><div class="spacer battle-history"><br></div><div class="battle-history"><small>Umbreon woke up!</small><br></div><div class="spacer battle-history"><br></div><div class="battle-history">Umbreon used <strong>Pursuit</strong>!<br></div><div class="battle-history"><small>(The opposing UterusPiledriver lost 12% of its health!)</small><br></div><div class="spacer battle-history"><br></div><div class="battle-history">The opposing UterusPiledriver used <strong>Ice Beam</strong>!<br></div><div class="battle-history"><small>A critical hit!</small><br></div><div class="battle-history"><small>(Umbreon lost 31% of its health!)</small><br></div><div class="spacer battle-history"><br></div><div class="battle-history"><small>Umbreon restored a little HP using its Leftovers!</small><br></div><div class="battle-history"><small>The opposing UterusPiledriver restored a little HP using its Leftovers!</small><br></div><div class="spacer battle-history"><br></div><h2 class="battle-history">Turn 156</h2><div class="spacer battle-history"><br></div><div class="battle-history"><small>(The opposing UterusPiledriver is being withdrawn...)</small><br></div><div class="spacer battle-history"><br></div><div class="battle-history">Umbreon used <strong>Pursuit</strong>!<br></div><div class="battle-history"><small>A critical hit!</small><br></div><div class="battle-history"><small>(The opposing UterusPiledriver lost 44% of its health!)</small><br></div><div class="spacer battle-history"><br></div><div class="battle-history">THANOS BOOTY CLAP withdrew UterusPiledriver!<br></div><div class="battle-history">THANOS BOOTY CLAP sent out Fortnite Main (<strong>Skarmory</strong>)!<br></div><div class="spacer battle-history"><br></div><div class="battle-history"><small>Umbreon restored a little HP using its Leftovers!</small><br></div><div class="spacer battle-history"><br></div><h2 class="battle-history">Turn 157</h2><div class="spacer battle-history"><br></div><div class="battle-history">THANOS BOOTY CLAP withdrew Fortnite Main!<br></div><div class="battle-history">THANOS BOOTY CLAP sent out UterusPiledriver (<strong>Piloswine</strong>)!<br></div><div class="spacer battle-history"><br></div><div class="battle-history">Umbreon, come back!<br></div><div class="battle-history">Go! <strong>Zapdos</strong>!<br></div><div class="spacer battle-history"><br></div><div class="battle-history"><small>Zapdos restored a little HP using its Leftovers!</small><br></div><div class="battle-history"><small>The opposing UterusPiledriver restored a little HP using its Leftovers!</small><br></div><div class="spacer battle-history"><br></div><h2 class="battle-history">Turn 158</h2><div class="spacer battle-history"><br></div><div class="battle-history">Zapdos, come back!<br></div><div class="battle-history">Go! <strong>Snorlax</strong>!<br></div><div class="battle-history"><small>Snorlax was hurt by the spikes!</small><br></div><div class="spacer battle-history"><br></div><div class="battle-history">The opposing UterusPiledriver used <strong>Ice Beam</strong>!<br></div><div class="battle-history"><small>(Snorlax lost 14% of its health!)</small><br></div><div class="spacer battle-history"><br></div><div class="battle-history"><small>The opposing UterusPiledriver restored a little HP using its Leftovers!</small><br></div><div class="battle-history"><small>Snorlax restored a little HP using its Leftovers!</small><br></div><div class="spacer battle-history"><br></div><h2 class="battle-history">Turn 159</h2><div class="spacer battle-history"><br></div><div class="battle-history">Snorlax, come back!<br></div><div class="battle-history">Go! <strong>Zapdos</strong>!<br></div><div class="spacer battle-history"><br></div><div class="battle-history">The opposing UterusPiledriver used <strong>Earthquake</strong>!<br></div><div class="battle-history"><small>It doesn't affect Zapdos...</small><br></div><div class="spacer battle-history"><br></div><div class="battle-history"><small>Zapdos restored a little HP using its Leftovers!</small><br></div><div class="battle-history"><small>The opposing UterusPiledriver restored a little HP using its Leftovers!</small><br></div><div class="spacer battle-history"><br></div><h2 class="battle-history">Turn 160</h2><div class="chat message-error">hsa has 210 seconds left.</div><div class="spacer battle-history"><br></div><div class="battle-history">Zapdos, come back!<br></div><div class="battle-history">Go! <strong>Umbreon</strong>!<br></div><div class="battle-history"><small>Umbreon was hurt by the spikes!</small><br></div><div class="spacer battle-history"><br></div><div class="battle-history">THANOS BOOTY CLAP withdrew UterusPiledriver!<br></div><div class="battle-history">THANOS BOOTY CLAP sent out big T (<strong>Snorlax</strong>)!<br></div><div class="spacer battle-history"><br></div><div class="battle-history"><small>Umbreon restored a little HP using its Leftovers!</small><br></div><div class="spacer battle-history"><br></div><h2 class="battle-history">Turn 161</h2><div class="chat message-error">hsa has 210 seconds left.</div><div class="spacer battle-history"><br></div><div class="battle-history"><small>(The opposing big T is being withdrawn...)</small><br></div><div class="spacer battle-history"><br></div><div class="battle-history">Umbreon used <strong>Pursuit</strong>!<br></div><div class="battle-history"><small>(The opposing big T lost 12% of its health!)</small><br></div><div class="spacer battle-history"><br></div><div class="battle-history">THANOS BOOTY CLAP withdrew big T!<br></div><div class="battle-history">THANOS BOOTY CLAP sent out Fortnite Main (<strong>Skarmory</strong>)!<br></div><div class="spacer battle-history"><br></div><div class="battle-history"><small>Umbreon restored a little HP using its Leftovers!</small><br></div><div class="spacer battle-history"><br></div><h2 class="battle-history">Turn 162</h2><div class="chat message-error">hsa has 210 seconds left.</div><div class="spacer battle-history"><br></div><div class="battle-history">The opposing Fortnite Main used <strong>Drill Peck</strong>!<br></div><div class="battle-history"><small>(Umbreon lost 19% of its health!)</small><br></div><div class="spacer battle-history"><br></div><div class="battle-history">Umbreon used <strong>Charm</strong>!<br></div><div class="battle-history"><small>The opposing Fortnite Main's Attack fell harshly!</small><br></div><div class="spacer battle-history"><br></div><div class="battle-history"><small>Umbreon restored a little HP using its Leftovers!</small><br></div><div class="spacer battle-history"><br></div><h2 class="battle-history">Turn 163</h2><div class="spacer battle-history"><br></div><div class="battle-history">Umbreon used <strong>Charm</strong>!<br></div><div class="battle-history"><small>The opposing Fortnite Main's Attack fell harshly!</small><br></div><div class="spacer battle-history"><br></div><div class="battle-history">The opposing Fortnite Main used <strong>Whirlwind</strong>!<br></div><div class="spacer battle-history"><br></div><div class="battle-history"><strong>Steelix</strong> was dragged out!<br></div><div class="battle-history"><small>Steelix was hurt by the spikes!</small><br></div><div class="spacer battle-history"><br></div><div class="battle-history"><small>Steelix restored a little HP using its Leftovers!</small><br></div><div class="spacer battle-history"><br></div><h2 class="battle-history">Turn 164</h2><div class="spacer battle-history"><br></div><div class="battle-history">The opposing Fortnite Main used <strong>Whirlwind</strong>!<br></div><div class="battle-history"><small>But it failed!</small><br></div><div class="spacer battle-history"><br></div><div class="battle-history">Steelix used <strong>Roar</strong>!<br></div><div class="spacer battle-history"><br></div><div class="battle-history">UterusPiledriver (<strong>Piloswine</strong>) was dragged out!<br></div><div class="spacer battle-history"><br></div><div class="battle-history"><small>The opposing UterusPiledriver restored a little HP using its Leftovers!</small><br></div><div class="battle-history"><small>Steelix restored a little HP using its Leftovers!</small><br></div><div class="spacer battle-history"><br></div><h2 class="battle-history">Turn 165</h2><div class="spacer battle-history"><br></div><div class="battle-history">The opposing UterusPiledriver used <strong>Earthquake</strong>!<br></div><div class="battle-history"><small>It's super effective!</small><br></div><div class="battle-history"><small>(Steelix lost 39% of its health!)</small><br></div><div class="spacer battle-history"><br></div><div class="battle-history">Steelix used <strong>Explosion</strong>!<br></div><div class="battle-history"><small>(The opposing UterusPiledriver lost 75% of its health!)</small><br></div><div class="spacer battle-history"><br></div><div class="battle-history">Steelix fainted!<br></div><div class="battle-history">The opposing UterusPiledriver fainted!<br></div><div class="spacer battle-history"><br></div><div class="battle-history">THANOS BOOTY CLAP sent out big T (<strong>Snorlax</strong>)!<br></div><div class="spacer battle-history"><br></div><div class="battle-history">Go! <strong>Umbreon</strong>!<br></div><div class="battle-history"><small>Umbreon was hurt by the spikes!</small><br></div><div class="spacer battle-history"><br></div><div class="battle-history"><small>Umbreon restored a little HP using its Leftovers!</small><br></div><div class="battle-history"><small>The opposing big T restored a little HP using its Leftovers!</small><br></div><div class="spacer battle-history"><br></div><h2 class="battle-history">Turn 166</h2><div class="spacer battle-history"><br></div><div class="battle-history">Umbreon used <strong>Charm</strong>!<br></div><div class="battle-history"><small>The opposing big T's Attack fell harshly!</small><br></div><div class="spacer battle-history"><br></div><div class="battle-history">The opposing big T used <strong>Return</strong>!<br></div><div class="battle-history"><small>(Umbreon lost 14% of its health!)</small><br></div><div class="spacer battle-history"><br></div><div class="battle-history"><small>Umbreon restored a little HP using its Leftovers!</small><br></div><div class="battle-history"><small>The opposing big T restored a little HP using its Leftovers!</small><br></div><div class="spacer battle-history"><br></div><h2 class="battle-history">Turn 167</h2><div class="spacer battle-history"><br></div><div class="battle-history"><small>(The opposing big T is being withdrawn...)</small><br></div><div class="spacer battle-history"><br></div><div class="battle-history">Umbreon used <strong>Pursuit</strong>!<br></div><div class="battle-history"><small>(The opposing big T lost 11% of its health!)</small><br></div><div class="spacer battle-history"><br></div><div class="battle-history">THANOS BOOTY CLAP withdrew big T!<br></div><div class="battle-history">THANOS BOOTY CLAP sent out Fortnite Main (<strong>Skarmory</strong>)!<br></div><div class="spacer battle-history"><br></div><div class="battle-history"><small>Umbreon restored a little HP using its Leftovers!</small><br></div><div class="spacer battle-history"><br></div><h2 class="battle-history">Turn 168</h2><div class="spacer battle-history"><br></div><div class="battle-history">THANOS BOOTY CLAP withdrew Fortnite Main!<br></div><div class="battle-history">THANOS BOOTY CLAP sent out big T (<strong>Snorlax</strong>)!<br></div><div class="spacer battle-history"><br></div><div class="battle-history">Umbreon used <strong>Rest</strong>!<br></div><div class="battle-history"><small>Umbreon fell asleep!</small><br></div><div class="battle-history"><small>Umbreon slept and became healthy!</small><br></div><div class="spacer battle-history"><br></div><div class="battle-history"><small>The opposing big T restored a little HP using its Leftovers!</small><br></div><div class="spacer battle-history"><br></div><h2 class="battle-history">Turn 169</h2><div class="spacer battle-history"><br></div><div class="battle-history">Umbreon is fast asleep.<br></div><div class="spacer battle-history"><br></div><div class="battle-history">The opposing big T used <strong>Curse</strong>!<br></div><div class="battle-history"><small>The opposing big T's Speed fell!</small><br></div><div class="battle-history"><small>The opposing big T's Attack rose!</small><br></div><div class="battle-history"><small>The opposing big T's Defense rose!</small><br></div><div class="spacer battle-history"><br></div><div class="battle-history"><small>The opposing big T restored a little HP using its Leftovers!</small><br></div><div class="spacer battle-history"><br></div><h2 class="battle-history">Turn 170</h2><div class="spacer battle-history"><br></div><div class="battle-history">Umbreon is fast asleep.<br></div><div class="spacer battle-history"><br></div><div class="battle-history">Umbreon used <strong>Sleep Talk</strong>!<br></div><div class="spacer battle-history"><br></div><div class="battle-history">Umbreon used <strong>Charm</strong>!<br></div><div class="battle-history"><small>The opposing big T's Attack fell harshly!</small><br></div><div class="spacer battle-history"><br></div><div class="battle-history">The opposing big T used <strong>Return</strong>!<br></div><div class="battle-history"><small>(Umbreon lost 19% of its health!)</small><br></div><div class="spacer battle-history"><br></div><div class="battle-history"><small>Umbreon restored a little HP using its Leftovers!</small><br></div><div class="spacer battle-history"><br></div><h2 class="battle-history">Turn 171</h2><div class="spacer battle-history"><br></div><div class="battle-history">Umbreon, come back!<br></div><div class="battle-history">Go! <strong>Zapdos</strong>!<br></div><div class="spacer battle-history"><br></div><div class="battle-history">THANOS BOOTY CLAP withdrew big T!<br></div><div class="battle-history">THANOS BOOTY CLAP sent out Fortnite Main (<strong>Skarmory</strong>)!<br></div><div class="spacer battle-history"><br></div><div class="battle-history"><small>Zapdos restored a little HP using its Leftovers!</small><br></div><div class="spacer battle-history"><br></div><h2 class="battle-history">Turn 172</h2><div class="spacer battle-history"><br></div><div class="battle-history">THANOS BOOTY CLAP withdrew Fortnite Main!<br></div><div class="battle-history">THANOS BOOTY CLAP sent out big T (<strong>Snorlax</strong>)!<br></div><div class="spacer battle-history"><br></div><div class="battle-history">Zapdos is fast asleep.<br></div><div class="spacer battle-history"><br></div><div class="battle-history">Zapdos used <strong>Sleep Talk</strong>!<br></div><div class="spacer battle-history"><br></div><div class="battle-history">Zapdos used <strong>Hidden Power</strong>!<br></div><div class="battle-history"><small>(The opposing big T lost 11% of its health!)</small><br></div><div class="spacer battle-history"><br></div><div class="battle-history"><small>Zapdos restored a little HP using its Leftovers!</small><br></div><div class="battle-history"><small>The opposing big T restored a little HP using its Leftovers!</small><br></div><div class="spacer battle-history"><br></div><h2 class="battle-history">Turn 173</h2><div class="spacer battle-history"><br></div><div class="battle-history">Zapdos, come back!<br></div><div class="battle-history">Go! <strong>Umbreon</strong>!<br></div><div class="battle-history"><small>Umbreon was hurt by the spikes!</small><br></div><div class="spacer battle-history"><br></div><div class="battle-history">The opposing big T used <strong>Return</strong>!<br></div><div class="battle-history"><small>(Umbreon lost 32% of its health!)</small><br></div><div class="spacer battle-history"><br></div><div class="battle-history"><small>Umbreon restored a little HP using its Leftovers!</small><br></div><div class="battle-history"><small>The opposing big T restored a little HP using its Leftovers!</small><br></div><div class="spacer battle-history"><br></div><h2 class="battle-history">Turn 174</h2><div class="spacer battle-history"><br></div><div class="battle-history"><small>Umbreon woke up!</small><br></div><div class="spacer battle-history"><br></div><div class="battle-history">Umbreon used <strong>Charm</strong>!<br></div><div class="battle-history"><small>The opposing big T's Attack fell harshly!</small><br></div><div class="spacer battle-history"><br></div><div class="battle-history">The opposing big T used <strong>Return</strong>!<br></div><div class="battle-history"><small>(Umbreon lost 14% of its health!)</small><br></div><div class="spacer battle-history"><br></div><div class="battle-history"><small>Umbreon restored a little HP using its Leftovers!</small><br></div><div class="spacer battle-history"><br></div><h2 class="battle-history">Turn 175</h2><div class="spacer battle-history"><br></div><div class="battle-history">THANOS BOOTY CLAP withdrew big T!<br></div><div class="battle-history">THANOS BOOTY CLAP sent out Fortnite Main (<strong>Skarmory</strong>)!<br></div><div class="spacer battle-history"><br></div><div class="battle-history">Umbreon used <strong>Rest</strong>!<br></div><div class="battle-history"><small>Umbreon fell asleep!</small><br></div><div class="battle-history"><small>Umbreon slept and became healthy!</small><br></div><div class="spacer battle-history"><br></div><h2 class="battle-history">Turn 176</h2><div class="spacer battle-history"><br></div><div class="battle-history">THANOS BOOTY CLAP withdrew Fortnite Main!<br></div><div class="battle-history">THANOS BOOTY CLAP sent out big T (<strong>Snorlax</strong>)!<br></div><div class="spacer battle-history"><br></div><div class="battle-history">Umbreon is fast asleep.<br></div><div class="spacer battle-history"><br></div><h2 class="battle-history">Turn 177</h2><div class="spacer battle-history"><br></div><div class="battle-history">THANOS BOOTY CLAP withdrew big T!<br></div><div class="battle-history">THANOS BOOTY CLAP sent out 3x(9-3) (<strong>Forretress</strong>)!<br></div><div class="spacer battle-history"><br></div><div class="battle-history">Umbreon is fast asleep.<br></div><div class="spacer battle-history"><br></div><div class="battle-history"><small>The opposing 3x(9-3) restored a little HP using its Leftovers!</small><br></div><div class="spacer battle-history"><br></div><h2 class="battle-history">Turn 178</h2><div class="spacer battle-history"><br></div><div class="battle-history">Umbreon, come back!<br></div><div class="battle-history">Go! <strong>Snorlax</strong>!<br></div><div class="battle-history"><small>Snorlax was hurt by the spikes!</small><br></div><div class="spacer battle-history"><br></div><div class="battle-history">THANOS BOOTY CLAP withdrew 3x(9-3)!<br></div><div class="battle-history">THANOS BOOTY CLAP sent out big T (<strong>Snorlax</strong>)!<br></div><div class="spacer battle-history"><br></div><div class="battle-history"><small>Snorlax restored a little HP using its Leftovers!</small><br></div><div class="spacer battle-history"><br></div><h2 class="battle-history">Turn 179</h2><div class="spacer battle-history"><br></div><div class="battle-history">Snorlax, come back!<br></div><div class="battle-history">Go! <strong>Umbreon</strong>!<br></div><div class="battle-history"><small>Umbreon was hurt by the spikes!</small><br></div><div class="spacer battle-history"><br></div><div class="battle-history">The opposing big T used <strong>Return</strong>!<br></div><div class="battle-history"><small>(Umbreon lost 29% of its health!)</small><br></div><div class="spacer battle-history"><br></div><div class="battle-history"><small>Umbreon restored a little HP using its Leftovers!</small><br></div><div class="spacer battle-history"><br></div><h2 class="battle-history">Turn 180</h2><div class="spacer battle-history"><br></div><div class="battle-history"><small>(The opposing big T is being withdrawn...)</small><br></div><div class="battle-history"><small>Umbreon woke up!</small><br></div><div class="spacer battle-history"><br></div><div class="battle-history">Umbreon used <strong>Pursuit</strong>!<br></div><div class="battle-history"><small>(The opposing big T lost 13% of its health!)</small><br></div><div class="spacer battle-history"><br></div><div class="battle-history">THANOS BOOTY CLAP withdrew big T!<br></div><div class="battle-history">THANOS BOOTY CLAP sent out Fortnite Main (<strong>Skarmory</strong>)!<br></div><div class="spacer battle-history"><br></div><div class="battle-history"><small>Umbreon restored a little HP using its Leftovers!</small><br></div><div class="spacer battle-history"><br></div><h2 class="battle-history">Turn 181</h2><div class="spacer battle-history"><br></div><div class="battle-history">THANOS BOOTY CLAP withdrew Fortnite Main!<br></div><div class="battle-history">THANOS BOOTY CLAP sent out big T (<strong>Snorlax</strong>)!<br></div><div class="spacer battle-history"><br></div><div class="battle-history">Umbreon used <strong>Charm</strong>!<br></div><div class="battle-history"><small>The opposing big T's Attack fell harshly!</small><br></div><div class="spacer battle-history"><br></div><div class="battle-history"><small>Umbreon restored a little HP using its Leftovers!</small><br></div><div class="battle-history"><small>The opposing big T restored a little HP using its Leftovers!</small><br></div><div class="spacer battle-history"><br></div><h2 class="battle-history">Turn 182</h2><div class="spacer battle-history"><br></div><div class="battle-history">Umbreon, come back!<br></div><div class="battle-history">Go! <strong>Zapdos</strong>!<br></div><div class="spacer battle-history"><br></div><div class="battle-history">The opposing big T used <strong>Flamethrower</strong>!<br></div><div class="battle-history"><small>(Zapdos lost 16% of its health!)</small><br></div><div class="spacer battle-history"><br></div><div class="battle-history"><small>Zapdos restored a little HP using its Leftovers!</small><br></div><div class="battle-history"><small>The opposing big T restored a little HP using its Leftovers!</small><br></div><div class="spacer battle-history"><br></div><h2 class="battle-history">Turn 183</h2><div class="chat message-error">hsa has 270 seconds left.</div><div class="spacer battle-history"><br></div><div class="battle-history">Zapdos is fast asleep.<br></div><div class="spacer battle-history"><br></div><div class="battle-history">Zapdos used <strong>Sleep Talk</strong>!<br></div><div class="spacer battle-history"><br></div><div class="battle-history">Zapdos used <strong>Rest</strong>!<br></div><div class="battle-history"><small>Zapdos slept and became healthy!</small><br></div><div class="spacer battle-history"><br></div><div class="battle-history">The opposing big T used <strong>Curse</strong>!<br></div><div class="battle-history"><small>The opposing big T's Speed fell!</small><br></div><div class="battle-history"><small>The opposing big T's Attack rose!</small><br></div><div class="battle-history"><small>The opposing big T's Defense rose!</small><br></div><div class="spacer battle-history"><br></div><div class="battle-history"><small>The opposing big T restored a little HP using its Leftovers!</small><br></div><div class="spacer battle-history"><br></div><h2 class="battle-history">Turn 184</h2><div class="chat message-error">hsa has 270 seconds left.</div><div class="spacer battle-history"><br></div><div class="battle-history">Zapdos, come back!<br></div><div class="battle-history">Go! <strong>Umbreon</strong>!<br></div><div class="battle-history"><small>Umbreon was hurt by the spikes!</small><br></div><div class="spacer battle-history"><br></div><div class="battle-history">The opposing big T used <strong>Curse</strong>!<br></div><div class="battle-history"><small>The opposing big T's Speed fell!</small><br></div><div class="battle-history"><small>The opposing big T's Attack rose!</small><br></div><div class="battle-history"><small>The opposing big T's Defense rose!</small><br></div><div class="spacer battle-history"><br></div><div class="battle-history"><small>Umbreon restored a little HP using its Leftovers!</small><br></div><div class="spacer battle-history"><br></div><h2 class="battle-history">Turn 185</h2><div class="chat message-error">hsa has 270 seconds left.</div><div class="spacer battle-history"><br></div><div class="battle-history">THANOS BOOTY CLAP withdrew big T!<br></div><div class="battle-history">THANOS BOOTY CLAP sent out Fortnite Main (<strong>Skarmory</strong>)!<br></div><div class="spacer battle-history"><br></div><div class="battle-history">Umbreon used <strong>Charm</strong>!<br></div><div class="battle-history"><small>The opposing Fortnite Main's Attack fell harshly!</small><br></div><div class="spacer battle-history"><br></div><div class="battle-history"><small>Umbreon restored a little HP using its Leftovers!</small><br></div><div class="spacer battle-history"><br></div><h2 class="battle-history">Turn 186</h2><div class="spacer battle-history"><br></div><div class="battle-history"><small>(The opposing Fortnite Main is being withdrawn...)</small><br></div><div class="spacer battle-history"><br></div><div class="battle-history">Umbreon used <strong>Pursuit</strong>!<br></div><div class="battle-history"><small>It's not very effective...</small><br></div><div class="battle-history"><small>(The opposing Fortnite Main lost 13% of its health!)</small><br></div><div class="spacer battle-history"><br></div><div class="battle-history">THANOS BOOTY CLAP withdrew Fortnite Main!<br></div><div class="battle-history">THANOS BOOTY CLAP sent out 3x(9-3) (<strong>Forretress</strong>)!<br></div><div class="spacer battle-history"><br></div><div class="battle-history"><small>Umbreon restored a little HP using its Leftovers!</small><br></div><div class="battle-history"><small>The opposing 3x(9-3) restored a little HP using its Leftovers!</small><br></div><div class="spacer battle-history"><br></div><h2 class="battle-history">Turn 187</h2><div class="spacer battle-history"><br></div><div class="battle-history">Umbreon, come back!<br></div><div class="battle-history">Go! <strong>Zapdos</strong>!<br></div><div class="spacer battle-history"><br></div><div class="battle-history">THANOS BOOTY CLAP withdrew 3x(9-3)!<br></div><div class="battle-history">THANOS BOOTY CLAP sent out big T (<strong>Snorlax</strong>)!<br></div><div class="spacer battle-history"><br></div><h2 class="battle-history">Turn 188</h2><div class="spacer battle-history"><br></div><div class="battle-history">Zapdos, come back!<br></div><div class="battle-history">Go! <strong>Umbreon</strong>!<br></div><div class="battle-history"><small>Umbreon was hurt by the spikes!</small><br></div><div class="spacer battle-history"><br></div><div class="battle-history">The opposing big T used <strong>Flamethrower</strong>!<br></div><div class="battle-history"><small>(Umbreon lost 13% of its health!)</small><br></div><div class="spacer battle-history"><br></div><div class="battle-history"><small>Umbreon restored a little HP using its Leftovers!</small><br></div><div class="spacer battle-history"><br></div><h2 class="battle-history">Turn 189</h2><div class="chat message-error">THANOS BOOTY CLAP has 270 seconds left.</div><div class="spacer battle-history"><br></div><div class="battle-history"><small>(The opposing big T is being withdrawn...)</small><br></div><div class="spacer battle-history"><br></div><div class="battle-history">Umbreon used <strong>Pursuit</strong>!<br></div><div class="battle-history"><small>(The opposing big T lost 11% of its health!)</small><br></div><div class="spacer battle-history"><br></div><div class="battle-history">THANOS BOOTY CLAP withdrew big T!<br></div><div class="battle-history">THANOS BOOTY CLAP sent out 3x(9-3) (<strong>Forretress</strong>)!<br></div><div class="spacer battle-history"><br></div><div class="battle-history"><small>Umbreon restored a little HP using its Leftovers!</small><br></div><div class="battle-history"><small>The opposing 3x(9-3) restored a little HP using its Leftovers!</small><br></div><div class="spacer battle-history"><br></div><h2 class="battle-history">Turn 190</h2><div class="spacer battle-history"><br></div><div class="battle-history">Umbreon, come back!<br></div><div class="battle-history">Go! <strong>Zapdos</strong>!<br></div><div class="spacer battle-history"><br></div><div class="battle-history">THANOS BOOTY CLAP withdrew 3x(9-3)!<br></div><div class="battle-history">THANOS BOOTY CLAP sent out big T (<strong>Snorlax</strong>)!<br></div><div class="spacer battle-history"><br></div><div class="battle-history"><small>The opposing big T restored a little HP using its Leftovers!</small><br></div><div class="spacer battle-history"><br></div><h2 class="battle-history">Turn 191</h2><div class="spacer battle-history"><br></div><div class="battle-history">Zapdos, come back!<br></div><div class="battle-history">Go! <strong>Umbreon</strong>!<br></div><div class="battle-history"><small>Umbreon was hurt by the spikes!</small><br></div><div class="spacer battle-history"><br></div><div class="battle-history">The opposing big T used <strong>Return</strong>!<br></div><div class="battle-history"><small>(Umbreon lost 28% of its health!)</small><br></div><div class="spacer battle-history"><br></div><div class="battle-history"><small>Umbreon restored a little HP using its Leftovers!</small><br></div><div class="battle-history"><small>The opposing big T restored a little HP using its Leftovers!</small><br></div><div class="spacer battle-history"><br></div><h2 class="battle-history">Turn 192</h2><div class="spacer battle-history"><br></div><div class="battle-history">Umbreon used <strong>Charm</strong>!<br></div><div class="battle-history"><small>The opposing big T's Attack fell harshly!</small><br></div><div class="spacer battle-history"><br></div><div class="battle-history">The opposing big T used <strong>Return</strong>!<br></div><div class="battle-history"><small>(Umbreon lost 15% of its health!)</small><br></div><div class="spacer battle-history"><br></div><div class="battle-history"><small>Umbreon restored a little HP using its Leftovers!</small><br></div><div class="spacer battle-history"><br></div><h2 class="battle-history">Turn 193</h2><div class="spacer battle-history"><br></div><div class="battle-history">THANOS BOOTY CLAP withdrew big T!<br></div><div class="battle-history">THANOS BOOTY CLAP sent out McFucknasty (<strong>Misdreavus</strong>)!<br></div><div class="spacer battle-history"><br></div><div class="battle-history">Umbreon used <strong>Rest</strong>!<br></div><div class="battle-history"><small>Umbreon fell asleep!</small><br></div><div class="battle-history"><small>Umbreon slept and became healthy!</small><br></div><div class="spacer battle-history"><br></div><div class="battle-history"><small>The opposing McFucknasty restored a little HP using its Leftovers!</small><br></div><div class="spacer battle-history"><br></div><h2 class="battle-history">Turn 194</h2><div class="chat message-error">hsa has 270 seconds left.</div><div class="spacer battle-history"><br></div><div class="battle-history">THANOS BOOTY CLAP withdrew McFucknasty!<br></div><div class="battle-history">THANOS BOOTY CLAP sent out big T (<strong>Snorlax</strong>)!<br></div><div class="spacer battle-history"><br></div><div class="battle-history">Umbreon is fast asleep.<br></div><div class="spacer battle-history"><br></div><h2 class="battle-history">Turn 195</h2><div class="spacer battle-history"><br></div><div class="battle-history">Umbreon, come back!<br></div><div class="battle-history">Go! <strong>Zapdos</strong>!<br></div><div class="spacer battle-history"><br></div><div class="battle-history">The opposing big T used <strong>Flamethrower</strong>!<br></div><div class="battle-history"><small>(Zapdos lost 16% of its health!)</small><br></div><div class="spacer battle-history"><br></div><div class="battle-history"><small>Zapdos restored a little HP using its Leftovers!</small><br></div><div class="spacer battle-history"><br></div><h2 class="battle-history">Turn 196</h2><div class="spacer battle-history"><br></div><div class="battle-history">Zapdos, come back!<br></div><div class="battle-history">Go! <strong>Umbreon</strong>!<br></div><div class="battle-history"><small>Umbreon was hurt by the spikes!</small><br></div><div class="spacer battle-history"><br></div><div class="battle-history">The opposing big T used <strong>Flamethrower</strong>!<br></div><div class="battle-history"><small>(Umbreon lost 13% of its health!)</small><br></div><div class="spacer battle-history"><br></div><div class="battle-history"><small>Umbreon restored a little HP using its Leftovers!</small><br></div><div class="spacer battle-history"><br></div><h2 class="battle-history">Turn 197</h2><div class="spacer battle-history"><br></div><div class="battle-history">Umbreon is fast asleep.<br></div><div class="spacer battle-history"><br></div><div class="battle-history">The opposing big T used <strong>Flamethrower</strong>!<br></div><div class="battle-history"><small>(Umbreon lost 12% of its health!)</small><br></div><div class="spacer battle-history"><br></div><div class="battle-history"><small>Umbreon restored a little HP using its Leftovers!</small><br></div><div class="spacer battle-history"><br></div><h2 class="battle-history">Turn 198</h2><div class="spacer battle-history"><br></div><div class="battle-history">Umbreon, come back!<br></div><div class="battle-history">Go! <strong>Zapdos</strong>!<br></div><div class="spacer battle-history"><br></div><div class="battle-history">The opposing big T used <strong>Flamethrower</strong>!<br></div><div class="battle-history"><small>(Zapdos lost 15% of its health!)</small><br></div><div class="spacer battle-history"><br></div><div class="battle-history"><small>Zapdos restored a little HP using its Leftovers!</small><br></div><div class="spacer battle-history"><br></div><h2 class="battle-history">Turn 199</h2><div class="spacer battle-history"><br></div><div class="battle-history">Zapdos, come back!<br></div><div class="battle-history">Go! <strong>Umbreon</strong>!<br></div><div class="battle-history"><small>Umbreon was hurt by the spikes!</small><br></div><div class="spacer battle-history"><br></div><div class="battle-history">The opposing big T used <strong>Return</strong>!<br></div><div class="battle-history"><small>(Umbreon lost 30% of its health!)</small><br></div><div class="spacer battle-history"><br></div><div class="battle-history"><small>Umbreon restored a little HP using its Leftovers!</small><br></div><div class="spacer battle-history"><br></div><h2 class="battle-history">Turn 200</h2><div class="spacer battle-history"><br></div><div class="battle-history"><small>Umbreon woke up!</small><br></div><div class="spacer battle-history"><br></div><div class="battle-history">Umbreon used <strong>Charm</strong>!<br></div><div class="battle-history"><small>The opposing big T's Attack fell harshly!</small><br></div><div class="spacer battle-history"><br></div><div class="battle-history">The opposing big T used <strong>Return</strong>!<br></div><div class="battle-history"><small>(Umbreon lost 15% of its health!)</small><br></div><div class="spacer battle-history"><br></div><div class="battle-history"><small>Umbreon restored a little HP using its Leftovers!</small><br></div><div class="spacer battle-history"><br></div><h2 class="battle-history">Turn 201</h2><div class="spacer battle-history"><br></div><div class="battle-history">THANOS BOOTY CLAP withdrew big T!<br></div><div class="battle-history">THANOS BOOTY CLAP sent out Fortnite Main (<strong>Skarmory</strong>)!<br></div><div class="spacer battle-history"><br></div><div class="battle-history">Umbreon used <strong>Rest</strong>!<br></div><div class="battle-history"><small>Umbreon fell asleep!</small><br></div><div class="battle-history"><small>Umbreon slept and became healthy!</small><br></div><div class="spacer battle-history"><br></div><div class="battle-history"><small>The opposing Fortnite Main restored a little HP using its Leftovers!</small><br></div><div class="spacer battle-history"><br></div><h2 class="battle-history">Turn 202</h2><div class="spacer battle-history"><br></div><div class="battle-history">Umbreon, come back!<br></div><div class="battle-history">Go! <strong>Zapdos</strong>!<br></div><div class="spacer battle-history"><br></div><div class="battle-history">The opposing Fortnite Main used <strong>Curse</strong>!<br></div><div class="battle-history"><small>The opposing Fortnite Main's Speed fell!</small><br></div><div class="battle-history"><small>The opposing Fortnite Main's Attack rose!</small><br></div><div class="battle-history"><small>The opposing Fortnite Main's Defense rose!</small><br></div><div class="spacer battle-history"><br></div><div class="battle-history"><small>Zapdos restored a little HP using its Leftovers!</small><br></div><div class="battle-history"><small>The opposing Fortnite Main restored a little HP using its Leftovers!</small><br></div><div class="spacer battle-history"><br></div><h2 class="battle-history">Turn 203</h2><div class="spacer battle-history"><br></div><div class="battle-history">THANOS BOOTY CLAP withdrew Fortnite Main!<br></div><div class="battle-history">THANOS BOOTY CLAP sent out big T (<strong>Snorlax</strong>)!<br></div><div class="spacer battle-history"><br></div><div class="battle-history">Zapdos is fast asleep.<br></div><div class="spacer battle-history"><br></div><div class="battle-history">Zapdos used <strong>Sleep Talk</strong>!<br></div><div class="spacer battle-history"><br></div><div class="battle-history">Zapdos used <strong>Hidden Power</strong>!<br></div><div class="battle-history"><small>(The opposing big T lost 12% of its health!)</small><br></div><div class="spacer battle-history"><br></div><div class="battle-history"><small>Zapdos restored a little HP using its Leftovers!</small><br></div><div class="battle-history"><small>The opposing big T restored a little HP using its Leftovers!</small><br></div><div class="spacer battle-history"><br></div><h2 class="battle-history">Turn 204</h2><div class="spacer battle-history"><br></div><div class="battle-history">Zapdos, come back!<br></div><div class="battle-history">Go! <strong>Umbreon</strong>!<br></div><div class="battle-history"><small>Umbreon was hurt by the spikes!</small><br></div><div class="spacer battle-history"><br></div><div class="battle-history">The opposing big T used <strong>Curse</strong>!<br></div><div class="battle-history"><small>The opposing big T's Speed fell!</small><br></div><div class="battle-history"><small>The opposing big T's Attack rose!</small><br></div><div class="battle-history"><small>The opposing big T's Defense rose!</small><br></div><div class="spacer battle-history"><br></div><div class="battle-history"><small>Umbreon restored a little HP using its Leftovers!</small><br></div><div class="battle-history"><small>The opposing big T restored a little HP using its Leftovers!</small><br></div><div class="spacer battle-history"><br></div><h2 class="battle-history">Turn 205</h2><div class="spacer battle-history"><br></div><div class="battle-history">Umbreon is fast asleep.<br></div><div class="spacer battle-history"><br></div><div class="battle-history">Umbreon used <strong>Sleep Talk</strong>!<br></div><div class="spacer battle-history"><br></div><div class="battle-history">Umbreon used <strong>Rest</strong>!<br></div><div class="battle-history"><small>Umbreon slept and became healthy!</small><br></div><div class="spacer battle-history"><br></div><div class="battle-history">The opposing big T used <strong>Return</strong>!<br></div><div class="battle-history"><small>(Umbreon lost 44% of its health!)</small><br></div><div class="spacer battle-history"><br></div><div class="battle-history"><small>Umbreon restored a little HP using its Leftovers!</small><br></div><div class="spacer battle-history"><br></div><h2 class="battle-history">Turn 206</h2><div class="spacer battle-history"><br></div><div class="battle-history">Umbreon is fast asleep.<br></div><div class="spacer battle-history"><br></div><div class="battle-history">Umbreon used <strong>Sleep Talk</strong>!<br></div><div class="spacer battle-history"><br></div><div class="battle-history">Umbreon used <strong>Charm</strong>!<br></div><div class="battle-history"><small>The opposing big T's Attack fell harshly!</small><br></div><div class="spacer battle-history"><br></div><div class="battle-history">The opposing big T used <strong>Return</strong>!<br></div><div class="battle-history"><small>(Umbreon lost 20% of its health!)</small><br></div><div class="spacer battle-history"><br></div><div class="battle-history"><small>Umbreon restored a little HP using its Leftovers!</small><br></div><div class="spacer battle-history"><br></div><h2 class="battle-history">Turn 207</h2><div class="spacer battle-history"><br></div><div class="battle-history">THANOS BOOTY CLAP withdrew big T!<br></div><div class="battle-history">THANOS BOOTY CLAP sent out Fortnite Main (<strong>Skarmory</strong>)!<br></div><div class="spacer battle-history"><br></div><div class="battle-history">Umbreon is fast asleep.<br></div><div class="spacer battle-history"><br></div><div class="battle-history"><small>The opposing Fortnite Main restored a little HP using its Leftovers!</small><br></div><div class="battle-history"><small>Umbreon restored a little HP using its Leftovers!</small><br></div><div class="spacer battle-history"><br></div><h2 class="battle-history">Turn 208</h2><div class="spacer battle-history"><br></div><div class="battle-history">THANOS BOOTY CLAP withdrew Fortnite Main!<br></div><div class="battle-history">THANOS BOOTY CLAP sent out big T (<strong>Snorlax</strong>)!<br></div><div class="battle-history"><small>Umbreon woke up!</small><br></div><div class="spacer battle-history"><br></div><div class="battle-history">Umbreon used <strong>Charm</strong>!<br></div><div class="battle-history"><small>The opposing big T's Attack fell harshly!</small><br></div><div class="spacer battle-history"><br></div><div class="battle-history"><small>Umbreon restored a little HP using its Leftovers!</small><br></div><div class="spacer battle-history"><br></div><h2 class="battle-history">Turn 209</h2><div class="spacer battle-history"><br></div><div class="battle-history"><small>(The opposing big T is being withdrawn...)</small><br></div><div class="spacer battle-history"><br></div><div class="battle-history">Umbreon used <strong>Pursuit</strong>!<br></div><div class="battle-history"><small>(The opposing big T lost 12% of its health!)</small><br></div><div class="spacer battle-history"><br></div><div class="battle-history">THANOS BOOTY CLAP withdrew big T!<br></div><div class="battle-history">THANOS BOOTY CLAP sent out Fortnite Main (<strong>Skarmory</strong>)!<br></div><div class="spacer battle-history"><br></div><div class="battle-history"><small>Umbreon restored a little HP using its Leftovers!</small><br></div><div class="spacer battle-history"><br></div><h2 class="battle-history">Turn 210</h2><div class="spacer battle-history"><br></div><div class="battle-history">THANOS BOOTY CLAP withdrew Fortnite Main!<br></div><div class="battle-history">THANOS BOOTY CLAP sent out big T (<strong>Snorlax</strong>)!<br></div><div class="spacer battle-history"><br></div><div class="battle-history">Umbreon, come back!<br></div><div class="battle-history">Go! <strong>Zapdos</strong>!<br></div><div class="spacer battle-history"><br></div><div class="battle-history"><small>Zapdos restored a little HP using its Leftovers!</small><br></div><div class="battle-history"><small>The opposing big T restored a little HP using its Leftovers!</small><br></div><div class="spacer battle-history"><br></div><h2 class="battle-history">Turn 211</h2><div class="spacer battle-history"><br></div><div class="battle-history">Zapdos, come back!<br></div><div class="battle-history">Go! <strong>Umbreon</strong>!<br></div><div class="battle-history"><small>Umbreon was hurt by the spikes!</small><br></div><div class="spacer battle-history"><br></div><div class="battle-history">The opposing big T used <strong>Return</strong>!<br></div><div class="battle-history"><small>(Umbreon lost 30% of its health!)</small><br></div><div class="spacer battle-history"><br></div><div class="battle-history"><small>Umbreon restored a little HP using its Leftovers!</small><br></div><div class="battle-history"><small>The opposing big T restored a little HP using its Leftovers!</small><br></div><div class="spacer battle-history"><br></div><h2 class="battle-history">Turn 212</h2><div class="spacer battle-history"><br></div><div class="battle-history">Umbreon used <strong>Charm</strong>!<br></div><div class="battle-history"><small>The opposing big T's Attack fell harshly!</small><br></div><div class="spacer battle-history"><br></div><div class="battle-history">The opposing big T used <strong>Return</strong>!<br></div><div class="battle-history"><small>(Umbreon lost 15% of its health!)</small><br></div><div class="spacer battle-history"><br></div><div class="battle-history"><small>Umbreon restored a little HP using its Leftovers!</small><br></div><div class="spacer battle-history"><br></div><h2 class="battle-history">Turn 213</h2><div class="spacer battle-history"><br></div><div class="battle-history">THANOS BOOTY CLAP withdrew big T!<br></div><div class="battle-history">THANOS BOOTY CLAP sent out McFucknasty (<strong>Misdreavus</strong>)!<br></div><div class="spacer battle-history"><br></div><div class="battle-history">Umbreon used <strong>Rest</strong>!<br></div><div class="battle-history"><small>Umbreon fell asleep!</small><br></div><div class="battle-history"><small>Umbreon slept and became healthy!</small><br></div><div class="spacer battle-history"><br></div><div class="battle-history"><small>The opposing McFucknasty restored a little HP using its Leftovers!</small><br></div><div class="spacer battle-history"><br></div><h2 class="battle-history">Turn 214</h2><div class="spacer battle-history"><br></div><div class="battle-history">THANOS BOOTY CLAP withdrew McFucknasty!<br></div><div class="battle-history">THANOS BOOTY CLAP sent out big T (<strong>Snorlax</strong>)!<br></div><div class="spacer battle-history"><br></div><div class="battle-history">Umbreon, come back!<br></div><div class="battle-history">Go! <strong>Zapdos</strong>!<br></div><div class="spacer battle-history"><br></div><div class="battle-history"><small>Zapdos restored a little HP using its Leftovers!</small><br></div><div class="spacer battle-history"><br></div><h2 class="battle-history">Turn 215</h2><div class="spacer battle-history"><br></div><div class="battle-history">Zapdos, come back!<br></div><div class="battle-history">Go! <strong>Umbreon</strong>!<br></div><div class="battle-history"><small>Umbreon was hurt by the spikes!</small><br></div><div class="spacer battle-history"><br></div><div class="battle-history">The opposing big T used <strong>Curse</strong>!<br></div><div class="battle-history"><small>The opposing big T's Speed fell!</small><br></div><div class="battle-history"><small>The opposing big T's Attack rose!</small><br></div><div class="battle-history"><small>The opposing big T's Defense rose!</small><br></div><div class="spacer battle-history"><br></div><div class="battle-history"><small>Umbreon restored a little HP using its Leftovers!</small><br></div><div class="spacer battle-history"><br></div><h2 class="battle-history">Turn 216</h2><div class="spacer battle-history"><br></div><div class="battle-history">Umbreon is fast asleep.<br></div><div class="spacer battle-history"><br></div><div class="battle-history">Umbreon used <strong>Sleep Talk</strong>!<br></div><div class="spacer battle-history"><br></div><div class="battle-history">Umbreon used <strong>Rest</strong>!<br></div><div class="battle-history"><small>Umbreon slept and became healthy!</small><br></div><div class="spacer battle-history"><br></div><div class="battle-history">The opposing big T used <strong>Return</strong>!<br></div><div class="battle-history"><small>(Umbreon lost 44% of its health!)</small><br></div><div class="spacer battle-history"><br></div><div class="battle-history"><small>Umbreon restored a little HP using its Leftovers!</small><br></div><div class="spacer battle-history"><br></div><h2 class="battle-history">Turn 217</h2><div class="spacer battle-history"><br></div><div class="battle-history">Umbreon is fast asleep.<br></div><div class="spacer battle-history"><br></div><div class="battle-history">Umbreon used <strong>Sleep Talk</strong>!<br></div><div class="spacer battle-history"><br></div><div class="battle-history">Umbreon used <strong>Charm</strong>!<br></div><div class="battle-history"><small>The opposing big T's Attack fell harshly!</small><br></div><div class="spacer battle-history"><br></div><div class="battle-history">The opposing big T used <strong>Flamethrower</strong>!<br></div><div class="battle-history"><small>(Umbreon lost 12% of its health!)</small><br></div><div class="spacer battle-history"><br></div><div class="battle-history"><small>Umbreon restored a little HP using its Leftovers!</small><br></div><div class="spacer battle-history"><br></div><h2 class="battle-history">Turn 218</h2><div class="spacer battle-history"><br></div><div class="battle-history">THANOS BOOTY CLAP withdrew big T!<br></div><div class="battle-history">THANOS BOOTY CLAP sent out Fortnite Main (<strong>Skarmory</strong>)!<br></div><div class="spacer battle-history"><br></div><div class="battle-history">Umbreon is fast asleep.<br></div><div class="spacer battle-history"><br></div><div class="battle-history"><small>Umbreon restored a little HP using its Leftovers!</small><br></div><div class="spacer battle-history"><br></div><h2 class="battle-history">Turn 219</h2><div class="spacer battle-history"><br></div><div class="battle-history">THANOS BOOTY CLAP withdrew Fortnite Main!<br></div><div class="battle-history">THANOS BOOTY CLAP sent out 3x(9-3) (<strong>Forretress</strong>)!<br></div><div class="battle-history"><small>Umbreon woke up!</small><br></div><div class="spacer battle-history"><br></div><div class="battle-history">Umbreon used <strong>Charm</strong>!<br></div><div class="battle-history"><small>The opposing 3x(9-3)'s Attack fell harshly!</small><br></div><div class="spacer battle-history"><br></div><div class="battle-history"><small>Umbreon restored a little HP using its Leftovers!</small><br></div><div class="battle-history"><small>The opposing 3x(9-3) restored a little HP using its Leftovers!</small><br></div><div class="spacer battle-history"><br></div><h2 class="battle-history">Turn 220</h2><div class="spacer battle-history"><br></div><div class="battle-history">Umbreon, come back!<br></div><div class="battle-history">Go! <strong>Zapdos</strong>!<br></div><div class="spacer battle-history"><br></div><div class="battle-history">The opposing 3x(9-3) used <strong>Toxic</strong>!<br></div><div class="battle-history"><small>But it failed!</small><br></div><div class="spacer battle-history"><br></div><h2 class="battle-history">Turn 221</h2><div class="spacer battle-history"><br></div><div class="battle-history">THANOS BOOTY CLAP withdrew 3x(9-3)!<br></div><div class="battle-history">THANOS BOOTY CLAP sent out big T (<strong>Snorlax</strong>)!<br></div><div class="spacer battle-history"><br></div><div class="battle-history">Zapdos is fast asleep.<br></div><div class="spacer battle-history"><br></div><div class="battle-history">Zapdos used <strong>Sleep Talk</strong>!<br></div><div class="spacer battle-history"><br></div><div class="battle-history">Zapdos used <strong>Rest</strong>!<br></div><div class="battle-history"><small>But it failed!</small><br></div><div class="spacer battle-history"><br></div><h2 class="battle-history">Turn 222</h2><div class="spacer battle-history"><br></div><div class="battle-history">Zapdos, come back!<br></div><div class="battle-history">Go! <strong>Umbreon</strong>!<br></div><div class="battle-history"><small>Umbreon was hurt by the spikes!</small><br></div><div class="spacer battle-history"><br></div><div class="battle-history">The opposing big T used <strong>Curse</strong>!<br></div><div class="battle-history"><small>The opposing big T's Speed fell!</small><br></div><div class="battle-history"><small>The opposing big T's Attack rose!</small><br></div><div class="battle-history"><small>The opposing big T's Defense rose!</small><br></div><div class="spacer battle-history"><br></div><div class="battle-history"><small>Umbreon restored a little HP using its Leftovers!</small><br></div><div class="spacer battle-history"><br></div><h2 class="battle-history">Turn 223</h2><div class="spacer battle-history"><br></div><div class="battle-history">Umbreon used <strong>Charm</strong>!<br></div><div class="battle-history"><small>The opposing big T's Attack fell harshly!</small><br></div><div class="spacer battle-history"><br></div><div class="battle-history">The opposing big T used <strong>Flamethrower</strong>!<br></div><div class="battle-history"><small>(Umbreon lost 13% of its health!)</small><br></div><div class="spacer battle-history"><br></div><div class="battle-history"><small>Umbreon restored a little HP using its Leftovers!</small><br></div><div class="spacer battle-history"><br></div><h2 class="battle-history">Turn 224</h2><div class="spacer battle-history"><br></div><div class="battle-history">Umbreon, come back!<br></div><div class="battle-history">Go! <strong>Zapdos</strong>!<br></div><div class="spacer battle-history"><br></div><div class="battle-history">THANOS BOOTY CLAP withdrew big T!<br></div><div class="battle-history">THANOS BOOTY CLAP sent out 3x(9-3) (<strong>Forretress</strong>)!<br></div><div class="spacer battle-history"><br></div><h2 class="battle-history">Turn 225</h2><div class="spacer battle-history"><br></div><div class="battle-history"><small>Zapdos woke up!</small><br></div><div class="spacer battle-history"><br></div><div class="battle-history">Zapdos used <strong>Thunder</strong>!<br></div><div class="battle-history"><small>(The opposing 3x(9-3) lost 73% of its health!)</small><br></div><div class="spacer battle-history"><br></div><div class="battle-history">The opposing 3x(9-3) used <strong>Toxic</strong>!<br></div><div class="battle-history"><small>Zapdos was badly poisoned!</small><br></div><div class="spacer battle-history"><br></div><div class="battle-history"><small>The opposing 3x(9-3) restored a little HP using its Leftovers!</small><br></div><div class="spacer battle-history"><br></div><h2 class="battle-history">Turn 226</h2><div class="spacer battle-history"><br></div><div class="battle-history">THANOS BOOTY CLAP withdrew 3x(9-3)!<br></div><div class="battle-history">THANOS BOOTY CLAP sent out big T (<strong>Snorlax</strong>)!<br></div><div class="spacer battle-history"><br></div><div class="battle-history">Zapdos used <strong>Thunder</strong>!<br></div><div class="battle-history"><small>Zapdos's attack missed!</small><br></div><div class="battle-history"><small>Zapdos was hurt by poison!</small><br></div><div class="spacer battle-history"><br></div><div class="battle-history"><small>Zapdos restored a little HP using its Leftovers!</small><br></div><div class="spacer battle-history"><br></div><h2 class="battle-history">Turn 227</h2><div class="spacer battle-history"><br></div><div class="battle-history">Zapdos, come back!<br></div><div class="battle-history">Go! <strong>Umbreon</strong>!<br></div><div class="battle-history"><small>Umbreon was hurt by the spikes!</small><br></div><div class="spacer battle-history"><br></div><div class="battle-history">The opposing big T used <strong>Curse</strong>!<br></div><div class="battle-history"><small>The opposing big T's Speed fell!</small><br></div><div class="battle-history"><small>The opposing big T's Attack rose!</small><br></div><div class="battle-history"><small>The opposing big T's Defense rose!</small><br></div><div class="spacer battle-history"><br></div><div class="battle-history"><small>Umbreon restored a little HP using its Leftovers!</small><br></div><div class="spacer battle-history"><br></div><h2 class="battle-history">Turn 228</h2><div class="spacer battle-history"><br></div><div class="battle-history">Umbreon used <strong>Charm</strong>!<br></div><div class="battle-history"><small>The opposing big T's Attack fell harshly!</small><br></div><div class="spacer battle-history"><br></div><div class="battle-history">The opposing big T used <strong>Return</strong>!<br></div><div class="battle-history"><small>(Umbreon lost 20% of its health!)</small><br></div><div class="spacer battle-history"><br></div><div class="battle-history"><small>Umbreon restored a little HP using its Leftovers!</small><br></div><div class="spacer battle-history"><br></div><h2 class="battle-history">Turn 229</h2><div class="spacer battle-history"><br></div><div class="battle-history"><small>(The opposing big T is being withdrawn...)</small><br></div><div class="spacer battle-history"><br></div><div class="battle-history">Umbreon used <strong>Pursuit</strong>!<br></div><div class="battle-history"><small>(The opposing big T lost 11% of its health!)</small><br></div><div class="spacer battle-history"><br></div><div class="battle-history">THANOS BOOTY CLAP withdrew big T!<br></div><div class="battle-history">THANOS BOOTY CLAP sent out 3x(9-3) (<strong>Forretress</strong>)!<br></div><div class="spacer battle-history"><br></div><div class="battle-history"><small>Umbreon restored a little HP using its Leftovers!</small><br></div><div class="battle-history"><small>The opposing 3x(9-3) restored a little HP using its Leftovers!</small><br></div><div class="spacer battle-history"><br></div><h2 class="battle-history">Turn 230</h2><div class="spacer battle-history"><br></div><div class="battle-history">THANOS BOOTY CLAP withdrew 3x(9-3)!<br></div><div class="battle-history">THANOS BOOTY CLAP sent out big T (<strong>Snorlax</strong>)!<br></div><div class="spacer battle-history"><br></div><div class="battle-history">Umbreon used <strong>Charm</strong>!<br></div><div class="battle-history"><small>The opposing big T's Attack fell harshly!</small><br></div><div class="spacer battle-history"><br></div><div class="battle-history"><small>Umbreon restored a little HP using its Leftovers!</small><br></div><div class="battle-history"><small>The opposing big T restored a little HP using its Leftovers!</small><br></div><div class="spacer battle-history"><br></div><h2 class="battle-history">Turn 231</h2><div class="spacer battle-history"><br></div><div class="battle-history">Umbreon used <strong>Pursuit</strong>!<br></div><div class="battle-history"><small>(The opposing big T lost 6% of its health!)</small><br></div><div class="spacer battle-history"><br></div><div class="battle-history">The opposing big T used <strong>Flamethrower</strong>!<br></div><div class="battle-history"><small>A critical hit!</small><br></div><div class="battle-history"><small>(Umbreon lost 22% of its health!)</small><br></div><div class="spacer battle-history"><br></div><div class="battle-history"><small>Umbreon restored a little HP using its Leftovers!</small><br></div><div class="battle-history"><small>The opposing big T restored a little HP using its Leftovers!</small><br></div><div class="spacer battle-history"><br></div><h2 class="battle-history">Turn 232</h2><div class="spacer battle-history"><br></div><div class="battle-history"><small>(The opposing big T is being withdrawn...)</small><br></div><div class="spacer battle-history"><br></div><div class="battle-history">Umbreon used <strong>Pursuit</strong>!<br></div><div class="battle-history"><small>(The opposing big T lost 13% of its health!)</small><br></div><div class="spacer battle-history"><br></div><div class="battle-history">THANOS BOOTY CLAP withdrew big T!<br></div><div class="battle-history">THANOS BOOTY CLAP sent out 3x(9-3) (<strong>Forretress</strong>)!<br></div><div class="spacer battle-history"><br></div><div class="battle-history"><small>Umbreon restored a little HP using its Leftovers!</small><br></div><div class="battle-history"><small>The opposing 3x(9-3) restored a little HP using its Leftovers!</small><br></div><div class="spacer battle-history"><br></div><h2 class="battle-history">Turn 233</h2><div class="spacer battle-history"><br></div><div class="battle-history">THANOS BOOTY CLAP withdrew 3x(9-3)!<br></div><div class="battle-history">THANOS BOOTY CLAP sent out big T (<strong>Snorlax</strong>)!<br></div><div class="spacer battle-history"><br></div><div class="battle-history">Umbreon used <strong>Charm</strong>!<br></div><div class="battle-history"><small>The opposing big T's Attack fell harshly!</small><br></div><div class="spacer battle-history"><br></div><div class="battle-history"><small>Umbreon restored a little HP using its Leftovers!</small><br></div><div class="battle-history"><small>The opposing big T restored a little HP using its Leftovers!</small><br></div><div class="spacer battle-history"><br></div><h2 class="battle-history">Turn 234</h2><div class="spacer battle-history"><br></div><div class="battle-history">Umbreon used <strong>Pursuit</strong>!<br></div><div class="battle-history"><small>(The opposing big T lost 7% of its health!)</small><br></div><div class="spacer battle-history"><br></div><div class="battle-history">The opposing big T used <strong>Flamethrower</strong>!<br></div><div class="battle-history"><small>(Umbreon lost 13% of its health!)</small><br></div><div class="spacer battle-history"><br></div><div class="battle-history"><small>Umbreon restored a little HP using its Leftovers!</small><br></div><div class="battle-history"><small>The opposing big T restored a little HP using its Leftovers!</small><br></div><div class="spacer battle-history"><br></div><h2 class="battle-history">Turn 235</h2><div class="spacer battle-history"><br></div><div class="battle-history">Umbreon used <strong>Pursuit</strong>!<br></div><div class="battle-history"><small>(The opposing big T lost 6% of its health!)</small><br></div><div class="spacer battle-history"><br></div><div class="battle-history">The opposing big T used <strong>Return</strong>!<br></div><div class="battle-history"><small>(Umbreon lost 15% of its health!)</small><br></div><div class="spacer battle-history"><br></div><div class="battle-history"><small>Umbreon restored a little HP using its Leftovers!</small><br></div><div class="battle-history"><small>The opposing big T restored a little HP using its Leftovers!</small><br></div><div class="spacer battle-history"><br></div><h2 class="battle-history">Turn 236</h2><div class="spacer battle-history"><br></div><div class="battle-history"><small>(The opposing big T is being withdrawn...)</small><br></div><div class="spacer battle-history"><br></div><div class="battle-history">Umbreon used <strong>Pursuit</strong>!<br></div><div class="battle-history"><small>(The opposing big T lost 11% of its health!)</small><br></div><div class="spacer battle-history"><br></div><div class="battle-history">THANOS BOOTY CLAP withdrew big T!<br></div><div class="battle-history">THANOS BOOTY CLAP sent out 3x(9-3) (<strong>Forretress</strong>)!<br></div><div class="spacer battle-history"><br></div><div class="battle-history"><small>Umbreon restored a little HP using its Leftovers!</small><br></div><div class="battle-history"><small>The opposing 3x(9-3) restored a little HP using its Leftovers!</small><br></div><div class="spacer battle-history"><br></div><h2 class="battle-history">Turn 237</h2><div class="spacer battle-history"><br></div><div class="battle-history">THANOS BOOTY CLAP withdrew 3x(9-3)!<br></div><div class="battle-history">THANOS BOOTY CLAP sent out big T (<strong>Snorlax</strong>)!<br></div><div class="spacer battle-history"><br></div><div class="battle-history">Umbreon used <strong>Rest</strong>!<br></div><div class="battle-history"><small>Umbreon fell asleep!</small><br></div><div class="battle-history"><small>Umbreon slept and became healthy!</small><br></div><div class="spacer battle-history"><br></div><div class="battle-history"><small>The opposing big T restored a little HP using its Leftovers!</small><br></div><div class="spacer battle-history"><br></div><h2 class="battle-history">Turn 238</h2><div class="spacer battle-history"><br></div><div class="battle-history">Umbreon is fast asleep.<br></div><div class="spacer battle-history"><br></div><div class="battle-history">The opposing big T used <strong>Curse</strong>!<br></div><div class="battle-history"><small>The opposing big T's Speed fell!</small><br></div><div class="battle-history"><small>The opposing big T's Attack rose!</small><br></div><div class="battle-history"><small>The opposing big T's Defense rose!</small><br></div><div class="spacer battle-history"><br></div><div class="battle-history"><small>The opposing big T restored a little HP using its Leftovers!</small><br></div><div class="spacer battle-history"><br></div><h2 class="battle-history">Turn 239</h2><div class="spacer battle-history"><br></div><div class="battle-history">Umbreon is fast asleep.<br></div><div class="spacer battle-history"><br></div><div class="battle-history">Umbreon used <strong>Sleep Talk</strong>!<br></div><div class="spacer battle-history"><br></div><div class="battle-history">Umbreon used <strong>Pursuit</strong>!<br></div><div class="battle-history"><small>(The opposing big T lost 7% of its health!)</small><br></div><div class="spacer battle-history"><br></div><div class="battle-history">The opposing big T used <strong>Flamethrower</strong>!<br></div><div class="battle-history"><small>(Umbreon lost 11% of its health!)</small><br></div><div class="spacer battle-history"><br></div><div class="battle-history"><small>Umbreon restored a little HP using its Leftovers!</small><br></div><div class="battle-history"><small>The opposing big T restored a little HP using its Leftovers!</small><br></div><div class="spacer battle-history"><br></div><h2 class="battle-history">Turn 240</h2><div class="spacer battle-history"><br></div><div class="battle-history">THANOS BOOTY CLAP withdrew big T!<br></div><div class="battle-history">THANOS BOOTY CLAP sent out 3x(9-3) (<strong>Forretress</strong>)!<br></div><div class="battle-history"><small>Umbreon woke up!</small><br></div><div class="spacer battle-history"><br></div><div class="battle-history">Umbreon used <strong>Charm</strong>!<br></div><div class="battle-history"><small>The opposing 3x(9-3)'s Attack fell harshly!</small><br></div><div class="spacer battle-history"><br></div><div class="battle-history"><small>Umbreon restored a little HP using its Leftovers!</small><br></div><div class="battle-history"><small>The opposing 3x(9-3) restored a little HP using its Leftovers!</small><br></div><div class="spacer battle-history"><br></div><h2 class="battle-history">Turn 241</h2><div class="spacer battle-history"><br></div><div class="battle-history">Umbreon, come back!<br></div><div class="battle-history">Go! <strong>Zapdos</strong>!<br></div><div class="battle-history"><small>Zapdos was poisoned!</small><br></div><div class="battle-history"><small>Zapdos was hurt by poison!</small><br></div><div class="spacer battle-history"><br></div><div class="battle-history">The opposing 3x(9-3) used <strong>Toxic</strong>!<br></div><div class="battle-history"><small>But it failed!</small><br></div><div class="spacer battle-history"><br></div><div class="battle-history"><small>Zapdos restored a little HP using its Leftovers!</small><br></div><div class="battle-history"><small>The opposing 3x(9-3) restored a little HP using its Leftovers!</small><br></div><div class="spacer battle-history"><br></div><h2 class="battle-history">Turn 242</h2><div class="spacer battle-history"><br></div><div class="battle-history">THANOS BOOTY CLAP withdrew 3x(9-3)!<br></div><div class="battle-history">THANOS BOOTY CLAP sent out big T (<strong>Snorlax</strong>)!<br></div><div class="spacer battle-history"><br></div><div class="battle-history">Zapdos used <strong>Thunder</strong>!<br></div><div class="battle-history"><small>Zapdos's attack missed!</small><br></div><div class="battle-history"><small>Zapdos was hurt by poison!</small><br></div><div class="spacer battle-history"><br></div><div class="battle-history"><small>Zapdos restored a little HP using its Leftovers!</small><br></div><div class="battle-history"><small>The opposing big T restored a little HP using its Leftovers!</small><br></div><div class="spacer battle-history"><br></div><h2 class="battle-history">Turn 243</h2><div class="spacer battle-history"><br></div><div class="battle-history">Zapdos used <strong>Thunder</strong>!<br></div><div class="battle-history"><small>(The opposing big T lost 27% of its health!)</small><br></div><div class="battle-history"><small>The opposing big T is paralyzed! It may be unable to move!</small><br></div><div class="battle-history"><small>Zapdos was hurt by poison!</small><br></div><div class="spacer battle-history"><br></div><div class="battle-history">The opposing big T used <strong>Flamethrower</strong>!<br></div><div class="battle-history"><small>(Zapdos lost 17% of its health!)</small><br></div><div class="spacer battle-history"><br></div><div class="battle-history"><small>Zapdos restored a little HP using its Leftovers!</small><br></div><div class="battle-history"><small>The opposing big T restored a little HP using its Leftovers!</small><br></div><div class="spacer battle-history"><br></div><h2 class="battle-history">Turn 244</h2><div class="spacer battle-history"><br></div><div class="battle-history">Zapdos used <strong>Thunder</strong>!<br></div><div class="battle-history"><small>(The opposing big T lost 31% of its health!)</small><br></div><div class="battle-history"><small>Zapdos was hurt by poison!</small><br></div><div class="spacer battle-history"><br></div><div class="battle-history">The opposing big T is paralyzed! It can't move!<br></div><div class="spacer battle-history"><br></div><div class="battle-history"><small>Zapdos restored a little HP using its Leftovers!</small><br></div><div class="battle-history"><small>The opposing big T restored a little HP using its Leftovers!</small><br></div><div class="spacer battle-history"><br></div><h2 class="battle-history">Turn 245</h2><div class="spacer battle-history"><br></div><div class="battle-history">Zapdos used <strong>Thunder</strong>!<br></div><div class="battle-history"><small>Zapdos's attack missed!</small><br></div><div class="battle-history"><small>Zapdos was hurt by poison!</small><br></div><div class="spacer battle-history"><br></div><div class="battle-history">The opposing big T is paralyzed! It can't move!<br></div><div class="spacer battle-history"><br></div><div class="battle-history"><small>Zapdos restored a little HP using its Leftovers!</small><br></div><div class="battle-history"><small>The opposing big T restored a little HP using its Leftovers!</small><br></div><div class="spacer battle-history"><br></div><h2 class="battle-history">Turn 246</h2><div class="spacer battle-history"><br></div><div class="battle-history">Zapdos used <strong>Thunder</strong>!<br></div><div class="battle-history"><small>(The opposing big T lost 28% of its health!)</small><br></div><div class="battle-history"><small>Zapdos was hurt by poison!</small><br></div><div class="spacer battle-history"><br></div><div class="battle-history">The opposing big T used <strong>Rest</strong>!<br></div><div class="battle-history"><small>The opposing big T fell asleep!</small><br></div><div class="battle-history"><small>The opposing big T slept and became healthy!</small><br></div><div class="spacer battle-history"><br></div><div class="battle-history"><small>Zapdos restored a little HP using its Leftovers!</small><br></div><div class="spacer battle-history"><br></div><h2 class="battle-history">Turn 247</h2><div class="chat chatmessage-thanosbootyclap"><strong style="color:#2ba182"><small>☆</small><span class="username" data-name="THANOS BOOTY CLAP">THANOS BOOTY CLAP</span>:</strong> <em>whew</em></div><div class="spacer battle-history"><br></div><div class="battle-history">Zapdos used <strong>Rest</strong>!<br></div><div class="battle-history"><small>Zapdos fell asleep!</small><br></div><div class="battle-history"><small>Zapdos slept and became healthy!</small><br></div><div class="spacer battle-history"><br></div><div class="battle-history">The opposing big T is fast asleep.<br></div><div class="spacer battle-history"><br></div><h2 class="battle-history">Turn 248</h2><div class="spacer battle-history"><br></div><div class="battle-history">Zapdos is fast asleep.<br></div><div class="spacer battle-history"><br></div><div class="battle-history">Zapdos used <strong>Sleep Talk</strong>!<br></div><div class="spacer battle-history"><br></div><div class="battle-history">Zapdos used <strong>Rest</strong>!<br></div><div class="battle-history"><small>But it failed!</small><br></div><div class="spacer battle-history"><br></div><div class="battle-history">The opposing big T is fast asleep.<br></div><div class="spacer battle-history"><br></div><h2 class="battle-history">Turn 249</h2><div class="spacer battle-history"><br></div><div class="battle-history">Zapdos is fast asleep.<br></div><div class="spacer battle-history"><br></div><div class="battle-history">Zapdos used <strong>Sleep Talk</strong>!<br></div><div class="spacer battle-history"><br></div><div class="battle-history">Zapdos used <strong>Rest</strong>!<br></div><div class="battle-history"><small>But it failed!</small><br></div><div class="battle-history"><small>The opposing big T woke up!</small><br></div><div class="spacer battle-history"><br></div><div class="battle-history">The opposing big T used <strong>Flamethrower</strong>!<br></div><div class="battle-history"><small>(Zapdos lost 17% of its health!)</small><br></div><div class="spacer battle-history"><br></div><div class="battle-history"><small>Zapdos restored a little HP using its Leftovers!</small><br></div><div class="spacer battle-history"><br></div><h2 class="battle-history">Turn 250</h2><div class="spacer battle-history"><br></div><div class="battle-history"><small>Zapdos woke up!</small><br></div><div class="spacer battle-history"><br></div><div class="battle-history">Zapdos used <strong>Thunder</strong>!<br></div><div class="battle-history"><small>(The opposing big T lost 28% of its health!)</small><br></div><div class="spacer battle-history"><br></div><div class="battle-history">The opposing big T used <strong>Curse</strong>!<br></div><div class="battle-history"><small>The opposing big T's Speed fell!</small><br></div><div class="battle-history"><small>The opposing big T's Attack rose!</small><br></div><div class="battle-history"><small>The opposing big T's Defense rose!</small><br></div><div class="spacer battle-history"><br></div><div class="battle-history"><small>Zapdos restored a little HP using its Leftovers!</small><br></div><div class="battle-history"><small>The opposing big T restored a little HP using its Leftovers!</small><br></div><div class="spacer battle-history"><br></div><h2 class="battle-history">Turn 251</h2><div class="spacer battle-history"><br></div><div class="battle-history">Zapdos, come back!<br></div><div class="battle-history">Go! <strong>Umbreon</strong>!<br></div><div class="battle-history"><small>Umbreon was hurt by the spikes!</small><br></div><div class="spacer battle-history"><br></div><div class="battle-history">The opposing big T used <strong>Rest</strong>!<br></div><div class="battle-history"><small>The opposing big T fell asleep!</small><br></div><div class="battle-history"><small>The opposing big T slept and became healthy!</small><br></div><div class="spacer battle-history"><br></div><div class="battle-history"><small>Umbreon restored a little HP using its Leftovers!</small><br></div><div class="spacer battle-history"><br></div><h2 class="battle-history">Turn 252</h2><div class="spacer battle-history"><br></div><div class="battle-history">Umbreon, come back!<br></div><div class="battle-history">Go! <strong>Snorlax</strong>!<br></div><div class="battle-history"><small>Snorlax was hurt by the spikes!</small><br></div><div class="spacer battle-history"><br></div><div class="battle-history">The opposing big T is fast asleep.<br></div><div class="spacer battle-history"><br></div><div class="battle-history"><small>Snorlax restored a little HP using its Leftovers!</small><br></div><div class="spacer battle-history"><br></div><h2 class="battle-history">Turn 253</h2><div class="spacer battle-history"><br></div><div class="battle-history">Snorlax is fast asleep.<br></div><div class="spacer battle-history"><br></div><div class="battle-history">The opposing big T is fast asleep.<br></div><div class="spacer battle-history"><br></div><div class="battle-history"><small>Snorlax restored a little HP using its Leftovers!</small><br></div><div class="spacer battle-history"><br></div><h2 class="battle-history">Turn 254</h2><div class="spacer battle-history"><br></div><div class="battle-history">Snorlax, come back!<br></div><div class="battle-history">Go! <strong>Umbreon</strong>!<br></div><div class="battle-history"><small>Umbreon was hurt by the spikes!</small><br></div><div class="battle-history"><small>The opposing big T woke up!</small><br></div><div class="spacer battle-history"><br></div><div class="battle-history">The opposing big T used <strong>Return</strong>!<br></div><div class="battle-history"><small>(Umbreon lost 49% of its health!)</small><br></div><div class="spacer battle-history"><br></div><div class="battle-history"><small>Umbreon restored a little HP using its Leftovers!</small><br></div><div class="spacer battle-history"><br></div><h2 class="battle-history">Turn 255</h2><div class="spacer battle-history"><br></div><div class="battle-history">Umbreon used <strong>Charm</strong>!<br></div><div class="battle-history"><small>The opposing big T's Attack fell harshly!</small><br></div><div class="spacer battle-history"><br></div><div class="battle-history">The opposing big T used <strong>Return</strong>!<br></div><div class="battle-history"><small>(Umbreon lost 20% of its health!)</small><br></div><div class="spacer battle-history"><br></div><div class="battle-history"><small>Umbreon restored a little HP using its Leftovers!</small><br></div><div class="spacer battle-history"><br></div><h2 class="battle-history">Turn 256</h2><div class="spacer battle-history"><br></div><div class="battle-history">THANOS BOOTY CLAP withdrew big T!<br></div><div class="battle-history">THANOS BOOTY CLAP sent out 3x(9-3) (<strong>Forretress</strong>)!<br></div><div class="spacer battle-history"><br></div><div class="battle-history">Umbreon used <strong>Charm</strong>!<br></div><div class="battle-history"><small>The opposing 3x(9-3)'s Attack fell harshly!</small><br></div><div class="spacer battle-history"><br></div><div class="battle-history"><small>Umbreon restored a little HP using its Leftovers!</small><br></div><div class="battle-history"><small>The opposing 3x(9-3) restored a little HP using its Leftovers!</small><br></div><div class="spacer battle-history"><br></div><h2 class="battle-history">Turn 257</h2><div class="spacer battle-history"><br></div><div class="battle-history">Umbreon used <strong>Rest</strong>!<br></div><div class="battle-history"><small>Umbreon fell asleep!</small><br></div><div class="battle-history"><small>Umbreon slept and became healthy!</small><br></div><div class="spacer battle-history"><br></div><div class="battle-history">The opposing 3x(9-3) used <strong>Toxic</strong>!<br></div><div class="battle-history"><small>But it failed!</small><br></div><div class="spacer battle-history"><br></div><div class="battle-history"><small>The opposing 3x(9-3) restored a little HP using its Leftovers!</small><br></div><div class="spacer battle-history"><br></div><h2 class="battle-history">Turn 258</h2><div class="spacer battle-history"><br></div><div class="battle-history">Umbreon, come back!<br></div><div class="battle-history">Go! <strong>Zapdos</strong>!<br></div><div class="spacer battle-history"><br></div><div class="battle-history">THANOS BOOTY CLAP withdrew 3x(9-3)!<br></div><div class="battle-history">THANOS BOOTY CLAP sent out big T (<strong>Snorlax</strong>)!<br></div><div class="spacer battle-history"><br></div><div class="battle-history"><small>Zapdos restored a little HP using its Leftovers!</small><br></div><div class="spacer battle-history"><br></div><h2 class="battle-history">Turn 259</h2><div class="spacer battle-history"><br></div><div class="battle-history">Zapdos, come back!<br></div><div class="battle-history">Go! <strong>Umbreon</strong>!<br></div><div class="battle-history"><small>Umbreon was hurt by the spikes!</small><br></div><div class="spacer battle-history"><br></div><div class="battle-history">The opposing big T used <strong>Curse</strong>!<br></div><div class="battle-history"><small>The opposing big T's Speed fell!</small><br></div><div class="battle-history"><small>The opposing big T's Attack rose!</small><br></div><div class="battle-history"><small>The opposing big T's Defense rose!</small><br></div><div class="spacer battle-history"><br></div><div class="battle-history"><small>Umbreon restored a little HP using its Leftovers!</small><br></div><div class="spacer battle-history"><br></div><h2 class="battle-history">Turn 260</h2><div class="spacer battle-history"><br></div><div class="battle-history">Umbreon is fast asleep.<br></div><div class="spacer battle-history"><br></div><div class="battle-history">Umbreon used <strong>Sleep Talk</strong>!<br></div><div class="spacer battle-history"><br></div><div class="battle-history">Umbreon used <strong>Charm</strong>!<br></div><div class="battle-history"><small>The opposing big T's Attack fell harshly!</small><br></div><div class="spacer battle-history"><br></div><div class="battle-history">The opposing big T used <strong>Flamethrower</strong>!<br></div><div class="battle-history"><small>(Umbreon lost 12% of its health!)</small><br></div><div class="spacer battle-history"><br></div><div class="battle-history"><small>Umbreon restored a little HP using its Leftovers!</small><br></div><div class="spacer battle-history"><br></div><h2 class="battle-history">Turn 261</h2><div class="spacer battle-history"><br></div><div class="battle-history">Umbreon, come back!<br></div><div class="battle-history">Go! <strong>Zapdos</strong>!<br></div><div class="spacer battle-history"><br></div><div class="battle-history">THANOS BOOTY CLAP withdrew big T!<br></div><div class="battle-history">THANOS BOOTY CLAP sent out 3x(9-3) (<strong>Forretress</strong>)!<br></div><div class="spacer battle-history"><br></div><div class="battle-history"><small>The opposing 3x(9-3) restored a little HP using its Leftovers!</small><br></div><div class="spacer battle-history"><br></div><h2 class="battle-history">Turn 262</h2><div class="spacer battle-history"><br></div><div class="battle-history">THANOS BOOTY CLAP withdrew 3x(9-3)!<br></div><div class="battle-history">THANOS BOOTY CLAP sent out big T (<strong>Snorlax</strong>)!<br></div><div class="spacer battle-history"><br></div><div class="battle-history">Zapdos used <strong>Thunder</strong>!<br></div><div class="battle-history"><small>(The opposing big T lost 28% of its health!)</small><br></div><div class="battle-history"><small>The opposing big T is paralyzed! It may be unable to move!</small><br></div><div class="spacer battle-history"><br></div><div class="battle-history"><small>The opposing big T restored a little HP using its Leftovers!</small><br></div><div class="spacer battle-history"><br></div><h2 class="battle-history">Turn 263</h2><div class="spacer battle-history"><br></div><div class="battle-history">Zapdos used <strong>Thunder</strong>!<br></div><div class="battle-history"><small>(The opposing big T lost 31% of its health!)</small><br></div><div class="spacer battle-history"><br></div><div class="battle-history">The opposing big T is paralyzed! It can't move!<br></div><div class="spacer battle-history"><br></div><div class="battle-history"><small>The opposing big T restored a little HP using its Leftovers!</small><br></div><div class="spacer battle-history"><br></div><h2 class="battle-history">Turn 264</h2><div class="spacer battle-history"><br></div><div class="battle-history">Zapdos used <strong>Thunder</strong>!<br></div><div class="battle-history"><small>A critical hit!</small><br></div><div class="battle-history"><small>(The opposing big T lost 53% of its health!)</small><br></div><div class="spacer battle-history"><br></div><div class="battle-history">The opposing big T fainted!<br></div><div class="spacer battle-history"><br></div><div class="battle-history">THANOS BOOTY CLAP sent out McFucknasty (<strong>Misdreavus</strong>)!<br></div><div class="spacer battle-history"><br></div><div class="battle-history"><small>The opposing McFucknasty restored a little HP using its Leftovers!</small><br></div><div class="spacer battle-history"><br></div><h2 class="battle-history">Turn 265</h2><div class="chat chatmessage-thanosbootyclap"><strong style="color:#2ba182"><small>☆</small><span class="username" data-name="THANOS BOOTY CLAP">THANOS BOOTY CLAP</span>:</strong> <em>yikes</em></div><div class="spacer battle-history"><br></div><div class="battle-history">Zapdos, come back!<br></div><div class="battle-history">Go! <strong>Snorlax</strong>!<br></div><div class="battle-history"><small>Snorlax was hurt by the spikes!</small><br></div><div class="spacer battle-history"><br></div><div class="battle-history">The opposing McFucknasty used <strong>Protect</strong>!<br></div><div class="battle-history"><small>But it failed!</small><br></div><div class="spacer battle-history"><br></div><div class="battle-history"><small>The opposing McFucknasty restored a little HP using its Leftovers!</small><br></div><div class="battle-history"><small>Snorlax restored a little HP using its Leftovers!</small><br></div><div class="spacer battle-history"><br></div><h2 class="battle-history">Turn 266</h2><div class="chat chatmessage-hsa"><strong style="color:#9d9339"><small>☆</small><span class="username" data-name="hsa">hsa</span>:</strong> <em>agreed</em></div><div class="spacer battle-history"><br></div><div class="battle-history">THANOS BOOTY CLAP withdrew McFucknasty!<br></div><div class="battle-history">THANOS BOOTY CLAP sent out Fortnite Main (<strong>Skarmory</strong>)!<br></div><div class="spacer battle-history"><br></div><div class="battle-history">Snorlax is fast asleep.<br></div><div class="spacer battle-history"><br></div><div class="battle-history"><small>Snorlax restored a little HP using its Leftovers!</small><br></div><div class="spacer battle-history"><br></div><h2 class="battle-history">Turn 267</h2><div class="spacer battle-history"><br></div><div class="battle-history">THANOS BOOTY CLAP withdrew Fortnite Main!<br></div><div class="battle-history">THANOS BOOTY CLAP sent out McFucknasty (<strong>Misdreavus</strong>)!<br></div><div class="battle-history"><small>Snorlax woke up!</small><br></div><div class="spacer battle-history"><br></div><div class="battle-history">Snorlax used <strong>Flamethrower</strong>!<br></div><div class="battle-history"><small>A critical hit!</small><br></div><div class="battle-history"><small>(The opposing McFucknasty lost 35% of its health!)</small><br></div><div class="spacer battle-history"><br></div><div class="battle-history"><small>The opposing McFucknasty restored a little HP using its Leftovers!</small><br></div><div class="battle-history"><small>Snorlax restored a little HP using its Leftovers!</small><br></div><div class="spacer battle-history"><br></div><h2 class="battle-history">Turn 268</h2><div class="spacer battle-history"><br></div><div class="battle-history">Snorlax, come back!<br></div><div class="battle-history">Go! <strong>Zapdos</strong>!<br></div><div class="spacer battle-history"><br></div><div class="battle-history">The opposing McFucknasty used <strong>Pain Split</strong>!<br></div><div class="battle-history"><small>The battlers shared their pain!</small><br></div><div class="spacer battle-history"><br></div><div class="battle-history"><small>Zapdos restored a little HP using its Leftovers!</small><br></div><div class="battle-history"><small>The opposing McFucknasty restored a little HP using its Leftovers!</small><br></div><div class="spacer battle-history"><br></div><h2 class="battle-history">Turn 269</h2><div class="spacer battle-history"><br></div><div class="battle-history">Zapdos, come back!<br></div><div class="battle-history">Go! <strong>Umbreon</strong>!<br></div><div class="battle-history"><small>Umbreon was hurt by the spikes!</small><br></div><div class="spacer battle-history"><br></div><div class="battle-history">THANOS BOOTY CLAP withdrew McFucknasty!<br></div><div class="battle-history">THANOS BOOTY CLAP sent out 3x(9-3) (<strong>Forretress</strong>)!<br></div><div class="spacer battle-history"><br></div><div class="battle-history"><small>Umbreon restored a little HP using its Leftovers!</small><br></div><div class="battle-history"><small>The opposing 3x(9-3) restored a little HP using its Leftovers!</small><br></div><div class="spacer battle-history"><br></div><h2 class="battle-history">Turn 270</h2><div class="spacer battle-history"><br></div><div class="battle-history">THANOS BOOTY CLAP withdrew 3x(9-3)!<br></div><div class="battle-history">THANOS BOOTY CLAP sent out Fortnite Main (<strong>Skarmory</strong>)!<br></div><div class="spacer battle-history"><br></div><div class="battle-history">Umbreon is fast asleep.<br></div><div class="spacer battle-history"><br></div><div class="battle-history"><small>Umbreon restored a little HP using its Leftovers!</small><br></div><div class="spacer battle-history"><br></div><h2 class="battle-history">Turn 271</h2><div class="spacer battle-history"><br></div><div class="battle-history">THANOS BOOTY CLAP withdrew Fortnite Main!<br></div><div class="battle-history">THANOS BOOTY CLAP sent out 3x(9-3) (<strong>Forretress</strong>)!<br></div><div class="spacer battle-history"><br></div><div class="battle-history">Umbreon, come back!<br></div><div class="battle-history">Go! <strong>Zapdos</strong>!<br></div><div class="spacer battle-history"><br></div><div class="battle-history"><small>Zapdos restored a little HP using its Leftovers!</small><br></div><div class="battle-history"><small>The opposing 3x(9-3) restored a little HP using its Leftovers!</small><br></div><div class="spacer battle-history"><br></div><h2 class="battle-history">Turn 272</h2><div class="spacer battle-history"><br></div><div class="battle-history">THANOS BOOTY CLAP withdrew 3x(9-3)!<br></div><div class="battle-history">THANOS BOOTY CLAP sent out McFucknasty (<strong>Misdreavus</strong>)!<br></div><div class="spacer battle-history"><br></div><div class="battle-history">Zapdos used <strong>Thunder</strong>!<br></div><div class="battle-history"><small>(The opposing McFucknasty lost 55% of its health!)</small><br></div><div class="battle-history"><small>The opposing McFucknasty is paralyzed! It may be unable to move!</small><br></div><div class="spacer battle-history"><br></div><div class="battle-history"><small>Zapdos restored a little HP using its Leftovers!</small><br></div><div class="battle-history"><small>The opposing McFucknasty restored a little HP using its Leftovers!</small><br></div><div class="spacer battle-history"><br></div><h2 class="battle-history">Turn 273</h2><div class="spacer battle-history"><br></div><div class="battle-history">The opposing McFucknasty used <strong>Protect</strong>!<br></div><div class="battle-history"><small>The opposing McFucknasty protected itself!</small><br></div><div class="spacer battle-history"><br></div><div class="battle-history">Zapdos used <strong>Hidden Power</strong>!<br></div><div class="battle-history"><small>The opposing McFucknasty protected itself!</small><br></div><div class="spacer battle-history"><br></div><div class="battle-history"><small>Zapdos restored a little HP using its Leftovers!</small><br></div><div class="battle-history"><small>The opposing McFucknasty restored a little HP using its Leftovers!</small><br></div><div class="spacer battle-history"><br></div><h2 class="battle-history">Turn 274</h2><div class="spacer battle-history"><br></div><div class="battle-history">Zapdos used <strong>Thunder</strong>!<br></div><div class="battle-history"><small>(The opposing McFucknasty lost 44% of its health!)</small><br></div><div class="spacer battle-history"><br></div><div class="battle-history">The opposing McFucknasty fainted!<br></div><div class="spacer battle-history"><br></div><div class="battle-history">THANOS BOOTY CLAP sent out Fortnite Main (<strong>Skarmory</strong>)!<br></div><div class="spacer battle-history"><br></div><div class="battle-history"><small>Zapdos restored a little HP using its Leftovers!</small><br></div><div class="spacer battle-history"><br></div><h2 class="battle-history">Turn 275</h2><div class="spacer battle-history"><br></div><div class="battle-history">THANOS BOOTY CLAP withdrew Fortnite Main!<br></div><div class="battle-history">THANOS BOOTY CLAP sent out 3x(9-3) (<strong>Forretress</strong>)!<br></div><div class="spacer battle-history"><br></div><div class="battle-history">Zapdos used <strong>Thunder</strong>!<br></div><div class="battle-history"><small>Zapdos's attack missed!</small><br></div><div class="spacer battle-history"><br></div><div class="battle-history"><small>Zapdos restored a little HP using its Leftovers!</small><br></div><div class="battle-history"><small>The opposing 3x(9-3) restored a little HP using its Leftovers!</small><br></div><div class="spacer battle-history"><br></div><h2 class="battle-history">Turn 276</h2><div class="spacer battle-history"><br></div><div class="battle-history">Zapdos, come back!<br></div><div class="battle-history">Go! <strong>Umbreon</strong>!<br></div><div class="battle-history"><small>Umbreon was hurt by the spikes!</small><br></div><div class="spacer battle-history"><br></div><div class="battle-history">The opposing 3x(9-3) used <strong>Toxic</strong>!<br></div><div class="battle-history"><small>But it failed!</small><br></div><div class="spacer battle-history"><br></div><div class="battle-history"><small>Umbreon restored a little HP using its Leftovers!</small><br></div><div class="battle-history"><small>The opposing 3x(9-3) restored a little HP using its Leftovers!</small><br></div><div class="spacer battle-history"><br></div><h2 class="battle-history">Turn 277</h2><div class="spacer battle-history"><br></div><div class="battle-history">Umbreon, come back!<br></div><div class="battle-history">Go! <strong>Snorlax</strong>!<br></div><div class="battle-history"><small>Snorlax was hurt by the spikes!</small><br></div><div class="spacer battle-history"><br></div><div class="battle-history">THANOS BOOTY CLAP withdrew 3x(9-3)!<br></div><div class="battle-history">THANOS BOOTY CLAP sent out Fortnite Main (<strong>Skarmory</strong>)!<br></div><div class="spacer battle-history"><br></div><div class="battle-history"><small>Snorlax restored a little HP using its Leftovers!</small><br></div><div class="spacer battle-history"><br></div><h2 class="battle-history">Turn 278</h2><div class="spacer battle-history"><br></div><div class="battle-history">The opposing Fortnite Main used <strong>Drill Peck</strong>!<br></div><div class="battle-history"><small>(Snorlax lost 20% of its health!)</small><br></div><div class="spacer battle-history"><br></div><div class="battle-history">Snorlax used <strong>Flamethrower</strong>!<br></div><div class="battle-history"><small>It's super effective!</small><br></div><div class="battle-history"><small>(The opposing Fortnite Main lost 42% of its health!)</small><br></div><div class="spacer battle-history"><br></div><div class="battle-history"><small>The opposing Fortnite Main restored a little HP using its Leftovers!</small><br></div><div class="battle-history"><small>Snorlax restored a little HP using its Leftovers!</small><br></div><div class="spacer battle-history"><br></div><h2 class="battle-history">Turn 279</h2><div class="spacer battle-history"><br></div><div class="battle-history">The opposing Fortnite Main used <strong>Drill Peck</strong>!<br></div><div class="battle-history"><small>(Snorlax lost 20% of its health!)</small><br></div><div class="spacer battle-history"><br></div><div class="battle-history">Snorlax used <strong>Flamethrower</strong>!<br></div><div class="battle-history"><small>It's super effective!</small><br></div><div class="battle-history"><small>(The opposing Fortnite Main lost 40% of its health!)</small><br></div><div class="spacer battle-history"><br></div><div class="battle-history"><small>The opposing Fortnite Main restored a little HP using its Leftovers!</small><br></div><div class="battle-history"><small>Snorlax restored a little HP using its Leftovers!</small><br></div><div class="spacer battle-history"><br></div><h2 class="battle-history">Turn 280</h2><div class="spacer battle-history"><br></div><div class="battle-history">The opposing Fortnite Main used <strong>Drill Peck</strong>!<br></div><div class="battle-history"><small>(Snorlax lost 19% of its health!)</small><br></div><div class="spacer battle-history"><br></div><div class="battle-history">Snorlax used <strong>Flamethrower</strong>!<br></div><div class="battle-history"><small>It's super effective!</small><br></div><div class="battle-history"><small>(The opposing Fortnite Main lost 30% of its health!)</small><br></div><div class="spacer battle-history"><br></div><div class="battle-history">The opposing Fortnite Main fainted!<br></div><div class="chat chatmessage-thanosbootyclap"><strong style="color:#2ba182"><small>☆</small><span class="username" data-name="THANOS BOOTY CLAP">THANOS BOOTY CLAP</span>:</strong> <em>sadfsghr</em></div><div class="chat chatmessage-thanosbootyclap"><strong style="color:#2ba182"><small>☆</small><span class="username" data-name="THANOS BOOTY CLAP">THANOS BOOTY CLAP</span>:</strong> <em>gg</em></div><div class="spacer battle-history"><br></div><div class="battle-history">THANOS BOOTY CLAP sent out 3x(9-3) (<strong>Forretress</strong>)!<br></div><div class="spacer battle-history"><br></div><div class="battle-history"><small>Snorlax restored a little HP using its Leftovers!</small><br></div><div class="spacer battle-history"><br></div><h2 class="battle-history">Turn 281</h2><div class="chat chatmessage-hsa"><strong style="color:#9d9339"><small>☆</small><span class="username" data-name="hsa">hsa</span>:</strong> <em>gg</em></div><div class="spacer battle-history"><br></div><div class="battle-history">The opposing 3x(9-3) used <strong>Toxic</strong>!<br></div><div class="battle-history"><small>Snorlax was badly poisoned!</small><br></div><div class="spacer battle-history"><br></div><div class="battle-history">Snorlax used <strong>Flamethrower</strong>!<br></div><div class="battle-history"><small>It's super effective!</small><br></div><div class="battle-history"><small>(The opposing 3x(9-3) lost 100% of its health!)</small><br></div><div class="spacer battle-history"><br></div><div class="battle-history">The opposing 3x(9-3) fainted!<br></div><div class="spacer battle-history"><br></div><div class="battle-history"><strong>hsa</strong> won the battle!<br></div></div><div class="inner-preempt"></div></div></div>
</div>
<script>
let daily = Math.floor(Date.now()/1000/60/60/24);document.write('<script src="https://play.pokemonshowdown.com/js/replay-embed.js?version'+daily+'"></'+'script>');
</script>
