<!DOCTYPE html>
<meta charset="utf-8" />
<!-- version 1 -->
<title>[Gen 2] OU replay: Lavos vs. giara</title>
<style>
html,body {font-family:Verdana, sans-serif;font-size:10pt;margin:0;padding:0;}body{padding:12px 0;} .battle-log {font-family:Verdana, sans-serif;font-size:10pt;} .battle-log-inline {border:1px solid #AAAAAA;background:#EEF2F5;color:black;max-width:640px;margin:0 auto 80px;padding-bottom:5px;} .battle-log .inner {padding:4px 8px 0px 8px;} .battle-log .inner-preempt {padding:0 8px 4px 8px;} .battle-log .inner-after {margin-top:0.5em;} .battle-log h2 {margin:0.5em -8px;padding:4px 8px;border:1px solid #AAAAAA;background:#E0E7EA;border-left:0;border-right:0;font-family:Verdana, sans-serif;font-size:13pt;} .battle-log .chat {vertical-align:middle;padding:3px 0 3px 0;font-size:8pt;} .battle-log .chat strong {color:#40576A;} .battle-log .chat em {padding:1px 4px 1px 3px;color:#000000;font-style:normal;} .chat.mine {background:rgba(0,0,0,0.05);margin-left:-8px;margin-right:-8px;padding-left:8px;padding-right:8px;} .spoiler {color:#BBBBBB;background:#BBBBBB;padding:0px 3px;} .spoiler:hover, .spoiler:active, .spoiler-shown {color:#000000;background:#E2E2E2;padding:0px 3px;} .spoiler a {color:#BBBBBB;} .spoiler:hover a, .spoiler:active a, .spoiler-shown a {color:#2288CC;} .chat code, .chat .spoiler:hover code, .chat .spoiler:active code, .chat .spoiler-shown code {border:1px solid #C0C0C0;background:#EEEEEE;color:black;padding:0 2px;} .chat .spoiler code {border:1px solid #CCCCCC;background:#CCCCCC;color:#CCCCCC;} .battle-log .rated {padding:3px 4px;} .battle-log .rated strong {color:white;background:#89A;padding:1px 4px;border-radius:4px;} .spacer {margin-top:0.5em;} .message-announce {background:#6688AA;color:white;padding:1px 4px 2px;} .message-announce a, .broadcast-green a, .broadcast-blue a, .broadcast-red a {color:#DDEEFF;} .broadcast-green {background-color:#559955;color:white;padding:2px 4px;} .broadcast-blue {background-color:#6688AA;color:white;padding:2px 4px;} .infobox {border:1px solid #6688AA;padding:2px 4px;} .infobox-limited {max-height:200px;overflow:auto;overflow-x:hidden;} .broadcast-red {background-color:#AA5544;color:white;padding:2px 4px;} .message-learn-canlearn {font-weight:bold;color:#228822;text-decoration:underline;} .message-learn-cannotlearn {font-weight:bold;color:#CC2222;text-decoration:underline;} .message-effect-weak {font-weight:bold;color:#CC2222;} .message-effect-resist {font-weight:bold;color:#6688AA;} .message-effect-immune {font-weight:bold;color:#666666;} .message-learn-list {margin-top:0;margin-bottom:0;} .message-throttle-notice, .message-error {color:#992222;} .message-overflow, .chat small.message-overflow {font-size:0pt;} .message-overflow::before {font-size:9pt;content:'...';} .subtle {color:#3A4A66;}
</style>
<div class="wrapper replay-wrapper" style="max-width:1180px;margin:0 auto">
<input type="hidden" name="replayid" value="smogtours-gen2ou-381410" />
<div class="battle"></div><div class="battle-log"></div><div class="replay-controls"></div><div class="replay-controls-2"></div>
<h1 style="font-weight:normal;text-align:center"><strong>[Gen 2] OU</strong><br /><a href="http://pokemonshowdown.com/users/lavos" class="subtle" target="_blank">Lavos</a> vs. <a href="http://pokemonshowdown.com/users/giara" class="subtle" target="_blank">giara</a></h1>
<script type="text/plain" class="battle-log-data">|inactive|Battle timer is ON: inactive players will automatically lose when time's up.
|player|p1|Lavos|108
|player|p2|giara|218
|teamsize|p1|6
|teamsize|p2|6
|gametype|singles
|gen|2
|tier|[Gen 2] OU
|rule|Sleep Clause Mod: Limit one foe put to sleep
|rule|Freeze Clause Mod: Limit one foe frozen
|rule|Species Clause: Limit one of each Pokémon
|rule|OHKO Clause: OHKO moves are banned
|rule|Evasion Moves Clause: Evasion moves are banned
|rule|HP Percentage Mod: HP is shown in percentages
|
|start
|switch|p1a: Anubis|Tyranitar, M|100\/100
|switch|p2a: Cloyster|Cloyster, M|100\/100
|turn|1
|c|☆Lavos|gl hf man.
|c|~Tony|wcop?
|c|☆giara|u2
|c|☆Lavos|yes
|raw|<div class="broadcast-red"><strong>Moderated chat was set to ☆!<\/strong><br \/>Only users of rank ☆ and higher can talk.<\/div>
|inactive|Lavos has 285 seconds left.
|inactive|giara has 285 seconds left.
|inactive|Lavos has 270 seconds left.
|inactive|Lavos has 255 seconds left.
|
|move|p2a: Cloyster|Spikes|p1a: Anubis
|-sidestart|p1: Lavos|Spikes
|move|p1a: Anubis|Rock Slide|p2a: Cloyster|[miss]
|-miss|p1a: Anubis
|
|upkeep
|turn|2
|inactive|Lavos has 255 seconds left.
|
|switch|p1a: Sunlight Moonlight|Raikou|100\/100
|-damage|p1a: Sunlight Moonlight|88\/100|[from] Spikes
|move|p2a: Cloyster|Toxic|p1a: Sunlight Moonlight
|-status|p1a: Sunlight Moonlight|tox
|
|-heal|p1a: Sunlight Moonlight|94\/100 tox|[from] item: Leftovers
|upkeep
|turn|3
|inactive|Lavos has 240 seconds left.
|
|switch|p1a: Babel's Gate|Skarmory, M|100\/100
|switch|p2a: Raikou|Raikou|100\/100
|
|upkeep
|turn|4
|inactive|giara has 285 seconds left.
|
|switch|p1a: Communion|Snorlax, M|100\/100
|-damage|p1a: Communion|88\/100|[from] Spikes
|move|p2a: Raikou|Thunder|p1a: Communion
|-damage|p1a: Communion|58\/100
|
|-heal|p1a: Communion|64\/100|[from] item: Leftovers
|upkeep
|turn|5
|inactive|giara has 285 seconds left.
|inactive|giara has 270 seconds left.
|
|switch|p2a: Cloyster|Cloyster, M|100\/100
|move|p1a: Communion|Body Slam|p2a: Cloyster
|-damage|p2a: Cloyster|77\/100
|
|-heal|p2a: Cloyster|83\/100|[from] item: Leftovers
|-heal|p1a: Communion|70\/100|[from] item: Leftovers
|upkeep
|turn|6
|inactive|Lavos has 240 seconds left.
|inactive|giara has 270 seconds left.
|inactive|Lavos has 225 seconds left.
|
|move|p2a: Cloyster|Surf|p1a: Communion
|-damage|p1a: Communion|53\/100
|move|p1a: Communion|Body Slam|p2a: Cloyster
|-crit|p2a: Cloyster
|-damage|p2a: Cloyster|40\/100
|-status|p2a: Cloyster|par
|
|-heal|p1a: Communion|59\/100|[from] item: Leftovers
|-heal|p2a: Cloyster|46\/100 par|[from] item: Leftovers
|upkeep
|turn|7
|inactive|giara has 270 seconds left.
|inactive|Lavos has 225 seconds left.
|inactive|giara has 255 seconds left.
|inactive|Lavos has 210 seconds left.
|inactive|Lavos has 195 seconds left.
|
|switch|p1a: Anubis|Tyranitar, M|100\/100
|-damage|p1a: Anubis|88\/100|[from] Spikes
|move|p2a: Cloyster|Explosion|p1a: Anubis
|-resisted|p1a: Anubis
|-damage|p1a: Anubis|45\/100
|faint|p2a: Cloyster
|inactive|giara has 255 seconds left.
|inactive|giara has 240 seconds left.
|inactive|giara has 225 seconds left.
|inactive|giara has 210 seconds left.
|
|switch|p2a: Gengar|Gengar, M|100\/100
|
|-heal|p1a: Anubis|51\/100|[from] item: Leftovers
|upkeep
|turn|8
|inactive|Lavos has 210 seconds left.
|inactive|Lavos has 195 seconds left.
|inactive|Lavos has 180 seconds left.
|inactive|Lavos has 165 seconds left.
|
|switch|p1a: Sunlight Moonlight|Raikou|94\/100 tox
|-status|p1a: Sunlight Moonlight|psn
|-damage|p1a: Sunlight Moonlight|82\/100 psn|[from] Spikes
|-damage|p1a: Sunlight Moonlight|70\/100 psn|[from] psn
|move|p2a: Gengar|Dynamic Punch|p1a: Sunlight Moonlight
|-damage|p1a: Sunlight Moonlight|50\/100 psn
|-start|p1a: Sunlight Moonlight|confusion
|
|-heal|p1a: Sunlight Moonlight|56\/100 psn|[from] item: Leftovers
|upkeep
|turn|9
|inactive|giara has 210 seconds left.
|inactive|Lavos has 165 seconds left.
|inactive|giara has 195 seconds left.
|
|switch|p2a: Snorlax|Snorlax, M|100\/100
|-activate|p1a: Sunlight Moonlight|confusion
|-damage|p1a: Sunlight Moonlight|46\/100 psn|[from] confusion
|-damage|p1a: Sunlight Moonlight|33\/100 psn|[from] psn
|
|-heal|p1a: Sunlight Moonlight|39\/100 psn|[from] item: Leftovers
|upkeep
|turn|10
|inactive|giara has 195 seconds left.
|inactive|Lavos has 165 seconds left.
|
|switch|p1a: Babel's Gate|Skarmory, M|100\/100
|move|p2a: Snorlax|Body Slam|p1a: Babel's Gate
|-resisted|p1a: Babel's Gate
|-damage|p1a: Babel's Gate|87\/100
|
|upkeep
|turn|11
|inactive|giara has 180 seconds left.
|
|switch|p2a: Raikou|Raikou|100\/100
|move|p1a: Babel's Gate|Thief|p2a: Raikou
|-damage|p2a: Raikou|96\/100
|-item|p1a: Babel's Gate|Leftovers|[from] move: Thief|[of] p2a: Raikou
|
|-heal|p1a: Babel's Gate|93\/100|[from] item: Leftovers
|upkeep
|turn|12
|inactive|Lavos has 165 seconds left.
|inactive|giara has 180 seconds left.
|inactive|Lavos has 150 seconds left.
|inactive|Lavos has 135 seconds left.
|
|switch|p1a: Anubis|Tyranitar, M|51\/100
|-damage|p1a: Anubis|39\/100|[from] Spikes
|move|p2a: Raikou|Thunder|p1a: Anubis
|-damage|p1a: Anubis|0 fnt
|faint|p1a: Anubis
|inactive|Lavos has 135 seconds left.
|
|switch|p1a: Sunlight Moonlight|Raikou|39\/100 psn
|-damage|p1a: Sunlight Moonlight|27\/100 psn|[from] Spikes
|
|-heal|p1a: Sunlight Moonlight|33\/100 psn|[from] item: Leftovers
|upkeep
|turn|13
|
|switch|p2a: Snorlax|Snorlax, M|100\/100
|move|p1a: Sunlight Moonlight|Rest|p1a: Sunlight Moonlight
|-status|p1a: Sunlight Moonlight|slp
|-heal|p1a: Sunlight Moonlight|100\/100 slp|[silent]
|-status|p1a: Sunlight Moonlight|slp|[from] move: Rest
|
|upkeep
|turn|14
|inactive|Lavos has 135 seconds left.
|
|cant|p1a: Sunlight Moonlight|slp
|move|p1a: Sunlight Moonlight|Sleep Talk|p1a: Sunlight Moonlight
|move|p1a: Sunlight Moonlight|Thunder|p2a: Snorlax|[from]Sleep Talk
|-damage|p2a: Snorlax|73\/100
|move|p2a: Snorlax|Body Slam|p1a: Sunlight Moonlight
|-damage|p1a: Sunlight Moonlight|69\/100 slp
|
|-heal|p1a: Sunlight Moonlight|75\/100 slp|[from] item: Leftovers
|-heal|p2a: Snorlax|79\/100|[from] item: Leftovers
|upkeep
|turn|15
|inactive|Lavos has 135 seconds left.
|
|switch|p1a: Babel's Gate|Skarmory, M|93\/100
|move|p2a: Snorlax|Curse|p2a: Snorlax
|-unboost|p2a: Snorlax|spe|1
|-boost|p2a: Snorlax|atk|1
|-boost|p2a: Snorlax|def|1
|
|-heal|p1a: Babel's Gate|99\/100|[from] item: Leftovers
|-heal|p2a: Snorlax|85\/100|[from] item: Leftovers
|upkeep
|turn|16
|
|move|p2a: Snorlax|Body Slam|p1a: Babel's Gate
|-resisted|p1a: Babel's Gate
|-damage|p1a: Babel's Gate|81\/100
|move|p1a: Babel's Gate|Whirlwind|p2a: Snorlax
|drag|p2a: Gengar|Gengar, M|100\/100
|
|-heal|p1a: Babel's Gate|87\/100|[from] item: Leftovers
|upkeep
|turn|17
|inactive|Lavos has 150 seconds left.
|
|switch|p2a: Snorlax|Snorlax, M|85\/100
|switch|p1a: Sunlight Moonlight|Raikou|75\/100 slp
|-damage|p1a: Sunlight Moonlight|63\/100 slp|[from] Spikes
|
|-heal|p1a: Sunlight Moonlight|69\/100 slp|[from] item: Leftovers
|-heal|p2a: Snorlax|91\/100|[from] item: Leftovers
|upkeep
|turn|18
|inactive|Lavos has 150 seconds left.
|
|switch|p1a: Babel's Gate|Skarmory, M|87\/100
|move|p2a: Snorlax|Curse|p2a: Snorlax
|-unboost|p2a: Snorlax|spe|1
|-boost|p2a: Snorlax|atk|1
|-boost|p2a: Snorlax|def|1
|
|-heal|p1a: Babel's Gate|93\/100|[from] item: Leftovers
|-heal|p2a: Snorlax|97\/100|[from] item: Leftovers
|upkeep
|turn|19
|inactive|giara has 210 seconds left.
|
|move|p2a: Snorlax|Body Slam|p1a: Babel's Gate
|-resisted|p1a: Babel's Gate
|-damage|p1a: Babel's Gate|74\/100
|move|p1a: Babel's Gate|Whirlwind|p2a: Snorlax
|drag|p2a: Heracross|Heracross, M|100\/100
|
|-heal|p1a: Babel's Gate|80\/100|[from] item: Leftovers
|upkeep
|turn|20
|inactive|Lavos has 165 seconds left.
|inactive|giara has 210 seconds left.
|inactive|Lavos has 150 seconds left.
|
|switch|p2a: Raikou|Raikou|96\/100
|switch|p1a: Sunlight Moonlight|Raikou|69\/100 slp
|-damage|p1a: Sunlight Moonlight|56\/100 slp|[from] Spikes
|
|-heal|p1a: Sunlight Moonlight|62\/100 slp|[from] item: Leftovers
|upkeep
|turn|21
|inactive|giara has 210 seconds left.
|
|switch|p2a: Steelix|Steelix, M|100\/100
|cant|p1a: Sunlight Moonlight|slp
|move|p1a: Sunlight Moonlight|Sleep Talk|p1a: Sunlight Moonlight
|move|p1a: Sunlight Moonlight|Hidden Power|p2a: Steelix|[from]Sleep Talk
|-damage|p2a: Steelix|80\/100
|
|-heal|p1a: Sunlight Moonlight|68\/100 slp|[from] item: Leftovers
|-heal|p2a: Steelix|86\/100|[from] item: Leftovers
|upkeep
|turn|22
|
|switch|p1a: Persepolis|Starmie|100\/100
|-damage|p1a: Persepolis|88\/100|[from] Spikes
|move|p2a: Steelix|Earthquake|p1a: Persepolis
|-damage|p1a: Persepolis|52\/100
|
|-heal|p1a: Persepolis|58\/100|[from] item: Leftovers
|-heal|p2a: Steelix|92\/100|[from] item: Leftovers
|upkeep
|turn|23
|inactive|Lavos has 150 seconds left.
|inactive|giara has 210 seconds left.
|inactive|Lavos has 135 seconds left.
|inactive|giara has 195 seconds left.
|inactive|Lavos has 120 seconds left.
|inactive|giara has 180 seconds left.
|
|switch|p2a: Raikou|Raikou|96\/100
|move|p1a: Persepolis|Rapid Spin|p2a: Raikou
|-damage|p2a: Raikou|91\/100
|-sideend|p1: Lavos|Spikes|[from] move: Rapid Spin|[of] p1a: Persepolis
|
|-heal|p1a: Persepolis|64\/100|[from] item: Leftovers
|upkeep
|turn|24
|inactive|Lavos has 120 seconds left.
|inactive|giara has 165 seconds left.
|inactive|Lavos has 105 seconds left.
|inactive|giara has 150 seconds left.
|
|switch|p2a: Snorlax|Snorlax, M|97\/100
|switch|p1a: Communion|Snorlax, M|59\/100
|
|-heal|p1a: Communion|66\/100|[from] item: Leftovers
|-heal|p2a: Snorlax|100\/100|[from] item: Leftovers
|upkeep
|turn|25
|inactive|Lavos has 105 seconds left.
|inactive|giara has 150 seconds left.
|inactive|Lavos has 90 seconds left.
|inactive|Lavos has 75 seconds left.
|inactive|Lavos has 60 seconds left.
|inactive|Lavos has 45 seconds left.
|
|move|p2a: Snorlax|Body Slam|p1a: Communion
|-crit|p1a: Communion
|-damage|p1a: Communion|17\/100
|move|p1a: Communion|Curse|p1a: Communion
|-unboost|p1a: Communion|spe|1
|-boost|p1a: Communion|atk|1
|-boost|p1a: Communion|def|1
|
|-heal|p1a: Communion|23\/100|[from] item: Leftovers
|upkeep
|turn|26
|inactive|Lavos has 45 seconds left.
|inactive|giara has 150 seconds left.
|inactive|giara has 135 seconds left.
|
|switch|p2a: Steelix|Steelix, M|92\/100
|move|p1a: Communion|Rest|p1a: Communion
|-status|p1a: Communion|slp
|-heal|p1a: Communion|100\/100 slp|[silent]
|-status|p1a: Communion|slp|[from] move: Rest
|
|-heal|p2a: Steelix|99\/100|[from] item: Leftovers
|upkeep
|turn|27
|inactive|Lavos has 45 seconds left.
|
|move|p2a: Steelix|Curse|p2a: Steelix
|-unboost|p2a: Steelix|spe|1
|-boost|p2a: Steelix|atk|1
|-boost|p2a: Steelix|def|1
|cant|p1a: Communion|slp
|
|-heal|p2a: Steelix|100\/100|[from] item: Leftovers
|upkeep
|turn|28
|inactive|giara has 135 seconds left.
|
|cant|p1a: Communion|slp
|move|p2a: Steelix|Roar|p1a: Communion
|drag|p1a: Babel's Gate|Skarmory, M|80\/100
|
|-heal|p1a: Babel's Gate|86\/100|[from] item: Leftovers
|upkeep
|turn|29
|inactive|Lavos has 45 seconds left.
|inactive|giara has 120 seconds left.
|inactive|giara has 105 seconds left.
|
|move|p1a: Babel's Gate|Whirlwind|p2a: Steelix
|-fail|p2a: Steelix
|move|p2a: Steelix|Roar|p1a: Babel's Gate
|drag|p1a: Sunlight Moonlight|Raikou|68\/100 slp
|
|-heal|p1a: Sunlight Moonlight|74\/100 slp|[from] item: Leftovers
|upkeep
|turn|30
|inactive|giara has 105 seconds left.
|
|switch|p1a: Babel's Gate|Skarmory, M|86\/100
|move|p2a: Steelix|Curse|p2a: Steelix
|-unboost|p2a: Steelix|spe|1
|-boost|p2a: Steelix|atk|1
|-boost|p2a: Steelix|def|1
|
|-heal|p1a: Babel's Gate|92\/100|[from] item: Leftovers
|upkeep
|turn|31
|inactive|giara has 105 seconds left.
|inactive|giara has 90 seconds left.
|
|move|p1a: Babel's Gate|Whirlwind|p2a: Steelix
|-fail|p2a: Steelix
|move|p2a: Steelix|Roar|p1a: Babel's Gate
|drag|p1a: Persepolis|Starmie|64\/100
|
|-heal|p1a: Persepolis|70\/100|[from] item: Leftovers
|upkeep
|turn|32
|inactive|Lavos has 60 seconds left.
|inactive|Lavos has 45 seconds left.
|
|move|p1a: Persepolis|Surf|p2a: Steelix
|-supereffective|p2a: Steelix
|-damage|p2a: Steelix|24\/100
|move|p2a: Steelix|Earthquake|p1a: Persepolis
|-damage|p1a: Persepolis|0 fnt
|faint|p1a: Persepolis
|inactive|Lavos has 45 seconds left.
|
|switch|p1a: Communion|Snorlax, M|100\/100 slp
|
|-heal|p2a: Steelix|30\/100|[from] item: Leftovers
|upkeep
|turn|33
|inactive|giara has 90 seconds left.
|
|switch|p2a: Gengar|Gengar, M|100\/100
|-curestatus|p1a: Communion|slp|[msg]
|move|p1a: Communion|Fire Blast|p2a: Gengar
|-damage|p2a: Gengar|74\/100
|
|-heal|p2a: Gengar|81\/100|[from] item: Leftovers
|upkeep
|turn|34
|inactive|Lavos has 60 seconds left.
|inactive|giara has 90 seconds left.
|
|move|p2a: Gengar|Dynamic Punch|p1a: Communion|[miss]
|-miss|p2a: Gengar
|move|p1a: Communion|Fire Blast|p2a: Gengar
|-damage|p2a: Gengar|52\/100
|
|-heal|p2a: Gengar|58\/100|[from] item: Leftovers
|upkeep
|turn|35
|inactive|Lavos has 60 seconds left.
|inactive|giara has 90 seconds left.
|
|move|p2a: Gengar|Dynamic Punch|p1a: Communion|[miss]
|-miss|p2a: Gengar
|move|p1a: Communion|Fire Blast|p2a: Gengar
|-crit|p2a: Gengar
|-damage|p2a: Gengar|9\/100
|
|-heal|p2a: Gengar|15\/100|[from] item: Leftovers
|upkeep
|turn|36
|inactive|Lavos has 60 seconds left.
|inactive|giara has 90 seconds left.
|inactive|Lavos has 45 seconds left.
|
|move|p2a: Gengar|Dynamic Punch|p1a: Communion|[miss]
|-miss|p2a: Gengar
|move|p1a: Communion|Fire Blast|p2a: Gengar
|-damage|p2a: Gengar|0 fnt
|faint|p2a: Gengar
|inactive|giara has 90 seconds left.
|
|switch|p2a: Snorlax|Snorlax, M|100\/100
|
|upkeep
|turn|37
|inactive|Lavos has 45 seconds left.
|inactive|giara has 90 seconds left.
|inactive|Lavos has 30 seconds left.
|
|move|p1a: Communion|Curse|p1a: Communion
|-unboost|p1a: Communion|spe|1
|-boost|p1a: Communion|atk|1
|-boost|p1a: Communion|def|1
|move|p2a: Snorlax|Curse|p2a: Snorlax
|-unboost|p2a: Snorlax|spe|1
|-boost|p2a: Snorlax|atk|1
|-boost|p2a: Snorlax|def|1
|
|upkeep
|turn|38
|inactive|giara has 90 seconds left.
|
|move|p1a: Communion|Body Slam|p2a: Snorlax
|-damage|p2a: Snorlax|72\/100
|move|p2a: Snorlax|Curse|p2a: Snorlax
|-unboost|p2a: Snorlax|spe|1
|-boost|p2a: Snorlax|atk|1
|-boost|p2a: Snorlax|def|1
|
|-heal|p2a: Snorlax|79\/100|[from] item: Leftovers
|upkeep
|turn|39
|inactive|Lavos has 45 seconds left.
|
|move|p1a: Communion|Curse|p1a: Communion
|-unboost|p1a: Communion|spe|1
|-boost|p1a: Communion|atk|1
|-boost|p1a: Communion|def|1
|move|p2a: Snorlax|Body Slam|p1a: Communion
|-damage|p1a: Communion|75\/100
|
|-heal|p1a: Communion|81\/100|[from] item: Leftovers
|-heal|p2a: Snorlax|85\/100|[from] item: Leftovers
|upkeep
|turn|40
|
|move|p1a: Communion|Body Slam|p2a: Snorlax
|-damage|p2a: Snorlax|60\/100
|move|p2a: Snorlax|Curse|p2a: Snorlax
|-unboost|p2a: Snorlax|spe|1
|-boost|p2a: Snorlax|atk|1
|-boost|p2a: Snorlax|def|1
|
|-heal|p1a: Communion|87\/100|[from] item: Leftovers
|-heal|p2a: Snorlax|66\/100|[from] item: Leftovers
|upkeep
|turn|41
|inactive|giara has 105 seconds left.
|
|move|p1a: Communion|Curse|p1a: Communion
|-unboost|p1a: Communion|spe|1
|-boost|p1a: Communion|atk|1
|-boost|p1a: Communion|def|1
|move|p2a: Snorlax|Self-Destruct|p1a: Communion
|-damage|p1a: Communion|0 fnt
|faint|p1a: Communion
|faint|p2a: Snorlax
|inactive|giara has 105 seconds left.
|inactive|Lavos has 45 seconds left.
|
|switch|p1a: Sangreal|Machamp, M|100\/100
|switch|p2a: Steelix|Steelix, M|30\/100
|
|-heal|p2a: Steelix|36\/100|[from] item: Leftovers
|upkeep
|turn|42
|inactive|Lavos has 45 seconds left.
|inactive|giara has 105 seconds left.
|
|switch|p2a: Heracross|Heracross, M|100\/100
|move|p1a: Sangreal|Curse|p1a: Sangreal
|-unboost|p1a: Sangreal|spe|1
|-boost|p1a: Sangreal|atk|1
|-boost|p1a: Sangreal|def|1
|
|upkeep
|turn|43
|inactive|Lavos has 45 seconds left.
|inactive|giara has 105 seconds left.
|inactive|Lavos has 30 seconds left.
|
|move|p2a: Heracross|Curse|p2a: Heracross
|-unboost|p2a: Heracross|spe|1
|-boost|p2a: Heracross|atk|1
|-boost|p2a: Heracross|def|1
|move|p1a: Sangreal|Curse|p1a: Sangreal
|-unboost|p1a: Sangreal|spe|1
|-boost|p1a: Sangreal|atk|1
|-boost|p1a: Sangreal|def|1
|
|upkeep
|turn|44
|inactive|Lavos has 30 seconds left.
|
|move|p2a: Heracross|Curse|p2a: Heracross
|-unboost|p2a: Heracross|spe|1
|-boost|p2a: Heracross|atk|1
|-boost|p2a: Heracross|def|1
|move|p1a: Sangreal|Curse|p1a: Sangreal
|-unboost|p1a: Sangreal|spe|1
|-boost|p1a: Sangreal|atk|1
|-boost|p1a: Sangreal|def|1
|
|upkeep
|turn|45
|
|move|p2a: Heracross|Curse|p2a: Heracross
|-unboost|p2a: Heracross|spe|1
|-boost|p2a: Heracross|atk|1
|-boost|p2a: Heracross|def|1
|move|p1a: Sangreal|Rock Slide|p2a: Heracross
|-damage|p2a: Heracross|77\/100
|
|-heal|p2a: Heracross|83\/100|[from] item: Leftovers
|upkeep
|turn|46
|
|move|p2a: Heracross|Megahorn|p1a: Sangreal
|-resisted|p1a: Sangreal
|-damage|p1a: Sangreal|78\/100
|move|p1a: Sangreal|Rock Slide|p2a: Heracross
|-damage|p2a: Heracross|61\/100
|
|-heal|p2a: Heracross|67\/100|[from] item: Leftovers
|-heal|p1a: Sangreal|84\/100|[from] item: Leftovers
|upkeep
|turn|47
|inactive|Lavos has 45 seconds left.
|inactive|giara has 120 seconds left.
|inactive|Lavos has 30 seconds left.
|inactive|giara has 105 seconds left.
|
|move|p2a: Heracross|Megahorn|p1a: Sangreal
|-resisted|p1a: Sangreal
|-damage|p1a: Sangreal|58\/100
|move|p1a: Sangreal|Rock Slide|p2a: Heracross
|-damage|p2a: Heracross|45\/100
|
|-heal|p2a: Heracross|51\/100|[from] item: Leftovers
|-heal|p1a: Sangreal|64\/100|[from] item: Leftovers
|upkeep
|turn|48
|inactive|giara has 105 seconds left.
|
|move|p2a: Heracross|Megahorn|p1a: Sangreal
|-resisted|p1a: Sangreal
|-damage|p1a: Sangreal|39\/100
|move|p1a: Sangreal|Cross Chop|p2a: Heracross
|-crit|p2a: Heracross
|-resisted|p2a: Heracross
|-damage|p2a: Heracross|7\/100
|
|-heal|p2a: Heracross|13\/100|[from] item: Leftovers
|-heal|p1a: Sangreal|45\/100|[from] item: Leftovers
|upkeep
|turn|49
|
|move|p2a: Heracross|Rest|p2a: Heracross
|-status|p2a: Heracross|slp
|-heal|p2a: Heracross|100\/100 slp|[silent]
|-status|p2a: Heracross|slp|[from] move: Rest
|move|p1a: Sangreal|Cross Chop|p2a: Heracross
|-crit|p2a: Heracross
|-resisted|p2a: Heracross
|-damage|p2a: Heracross|56\/100 slp
|
|-heal|p2a: Heracross|62\/100 slp|[from] item: Leftovers
|-heal|p1a: Sangreal|51\/100|[from] item: Leftovers
|upkeep
|turn|50
|inactive|giara has 105 seconds left.
|
|cant|p2a: Heracross|slp
|move|p2a: Heracross|Sleep Talk|p2a: Heracross
|move|p2a: Heracross|Curse|p2a: Heracross|[from]Sleep Talk
|-unboost|p2a: Heracross|spe|1
|-boost|p2a: Heracross|atk|1
|-boost|p2a: Heracross|def|1
|move|p1a: Sangreal|Cross Chop|p2a: Heracross
|-resisted|p2a: Heracross
|-damage|p2a: Heracross|42\/100 slp
|
|-heal|p2a: Heracross|48\/100 slp|[from] item: Leftovers
|-heal|p1a: Sangreal|57\/100|[from] item: Leftovers
|upkeep
|turn|51
|
|cant|p2a: Heracross|slp
|move|p2a: Heracross|Sleep Talk|p2a: Heracross
|move|p2a: Heracross|Curse|p2a: Heracross|[from]Sleep Talk
|-unboost|p2a: Heracross|spe|1
|-boost|p2a: Heracross|atk|1
|-boost|p2a: Heracross|def|1
|move|p1a: Sangreal|Cross Chop|p2a: Heracross
|-resisted|p2a: Heracross
|-damage|p2a: Heracross|32\/100 slp
|
|-heal|p1a: Sangreal|63\/100|[from] item: Leftovers
|-heal|p2a: Heracross|38\/100 slp|[from] item: Leftovers
|upkeep
|turn|52
|
|move|p1a: Sangreal|Rock Slide|p2a: Heracross
|-damage|p2a: Heracross|22\/100 slp
|-curestatus|p2a: Heracross|slp|[msg]
|move|p2a: Heracross|Rest|p2a: Heracross
|-status|p2a: Heracross|slp
|-heal|p2a: Heracross|100\/100 slp|[silent]
|-status|p2a: Heracross|slp|[from] move: Rest
|
|-heal|p1a: Sangreal|69\/100|[from] item: Leftovers
|upkeep
|turn|53
|inactive|giara has 120 seconds left.
|
|switch|p1a: Babel's Gate|Skarmory, M|92\/100
|cant|p2a: Heracross|slp
|move|p2a: Heracross|Sleep Talk|p2a: Heracross
|move|p2a: Heracross|Rest|p2a: Heracross|[from]Sleep Talk
|-fail|p2a: Heracross
|
|-heal|p1a: Babel's Gate|98\/100|[from] item: Leftovers
|upkeep
|turn|54
|inactive|Lavos has 75 seconds left.
|inactive|giara has 105 seconds left.
|
|switch|p2a: Raikou|Raikou|91\/100
|move|p1a: Babel's Gate|Whirlwind|p2a: Raikou
|drag|p2a: Steelix|Steelix, M|36\/100
|
|-heal|p1a: Babel's Gate|100\/100|[from] item: Leftovers
|-heal|p2a: Steelix|43\/100|[from] item: Leftovers
|upkeep
|turn|55
|inactive|Lavos has 75 seconds left.
|inactive|Lavos has 60 seconds left.
|
|switch|p2a: Raikou|Raikou|91\/100
|move|p1a: Babel's Gate|Drill Peck|p2a: Raikou
|-resisted|p2a: Raikou
|-damage|p2a: Raikou|78\/100
|
|upkeep
|turn|56
|
|switch|p2a: Steelix|Steelix, M|43\/100
|switch|p1a: Sunlight Moonlight|Raikou|74\/100 slp
|
|-heal|p1a: Sunlight Moonlight|80\/100 slp|[from] item: Leftovers
|-heal|p2a: Steelix|49\/100|[from] item: Leftovers
|upkeep
|turn|57
|inactive|Lavos has 60 seconds left.
|inactive|giara has 90 seconds left.
|
|switch|p1a: Babel's Gate|Skarmory, M|100\/100
|move|p2a: Steelix|Earthquake|p1a: Babel's Gate
|-immune|p1a: Babel's Gate|[msg]
|
|-heal|p2a: Steelix|55\/100|[from] item: Leftovers
|upkeep
|turn|58
|inactive|giara has 90 seconds left.
|
|switch|p1a: Sangreal|Machamp, M|69\/100
|move|p2a: Steelix|Roar|p1a: Sangreal
|drag|p1a: Sunlight Moonlight|Raikou|80\/100 slp
|
|-heal|p1a: Sunlight Moonlight|86\/100 slp|[from] item: Leftovers
|-heal|p2a: Steelix|61\/100|[from] item: Leftovers
|upkeep
|turn|59
|inactive|Lavos has 60 seconds left.
|inactive|giara has 75 seconds left.
|
|-curestatus|p1a: Sunlight Moonlight|slp|[msg]
|move|p1a: Sunlight Moonlight|Hidden Power|p2a: Steelix
|-damage|p2a: Steelix|38\/100
|move|p2a: Steelix|Earthquake|p1a: Sunlight Moonlight
|-supereffective|p1a: Sunlight Moonlight
|-damage|p1a: Sunlight Moonlight|20\/100
|
|-heal|p1a: Sunlight Moonlight|26\/100|[from] item: Leftovers
|-heal|p2a: Steelix|44\/100|[from] item: Leftovers
|upkeep
|turn|60
|inactive|giara has 75 seconds left.
|
|switch|p1a: Babel's Gate|Skarmory, M|100\/100
|move|p2a: Steelix|Earthquake|p1a: Babel's Gate
|-immune|p1a: Babel's Gate|[msg]
|
|-heal|p2a: Steelix|50\/100|[from] item: Leftovers
|upkeep
|turn|61
|
|move|p1a: Babel's Gate|Drill Peck|p2a: Steelix
|-resisted|p2a: Steelix
|-damage|p2a: Steelix|44\/100
|move|p2a: Steelix|Roar|p1a: Babel's Gate
|drag|p1a: Sunlight Moonlight|Raikou|26\/100
|
|-heal|p1a: Sunlight Moonlight|32\/100|[from] item: Leftovers
|-heal|p2a: Steelix|50\/100|[from] item: Leftovers
|upkeep
|turn|62
|
|switch|p1a: Babel's Gate|Skarmory, M|100\/100
|move|p2a: Steelix|Curse|p2a: Steelix
|-unboost|p2a: Steelix|spe|1
|-boost|p2a: Steelix|atk|1
|-boost|p2a: Steelix|def|1
|
|-heal|p2a: Steelix|56\/100|[from] item: Leftovers
|upkeep
|turn|63
|
|move|p1a: Babel's Gate|Drill Peck|p2a: Steelix
|-resisted|p2a: Steelix
|-damage|p2a: Steelix|51\/100
|move|p2a: Steelix|Roar|p1a: Babel's Gate
|drag|p1a: Sunlight Moonlight|Raikou|32\/100
|
|-heal|p1a: Sunlight Moonlight|38\/100|[from] item: Leftovers
|-heal|p2a: Steelix|58\/100|[from] item: Leftovers
|upkeep
|turn|64
|inactive|Lavos has 90 seconds left.
|
|switch|p1a: Babel's Gate|Skarmory, M|100\/100
|move|p2a: Steelix|Curse|p2a: Steelix
|-unboost|p2a: Steelix|spe|1
|-boost|p2a: Steelix|atk|1
|-boost|p2a: Steelix|def|1
|
|-heal|p2a: Steelix|64\/100|[from] item: Leftovers
|upkeep
|turn|65
|
|move|p1a: Babel's Gate|Drill Peck|p2a: Steelix
|-resisted|p2a: Steelix
|-damage|p2a: Steelix|61\/100
|move|p2a: Steelix|Roar|p1a: Babel's Gate
|drag|p1a: Sunlight Moonlight|Raikou|38\/100
|
|-heal|p1a: Sunlight Moonlight|44\/100|[from] item: Leftovers
|-heal|p2a: Steelix|67\/100|[from] item: Leftovers
|upkeep
|turn|66
|inactive|Lavos has 105 seconds left.
|
|switch|p1a: Babel's Gate|Skarmory, M|100\/100
|move|p2a: Steelix|Curse|p2a: Steelix
|-unboost|p2a: Steelix|spe|1
|-boost|p2a: Steelix|atk|1
|-boost|p2a: Steelix|def|1
|
|-heal|p2a: Steelix|73\/100|[from] item: Leftovers
|upkeep
|turn|67
|
|move|p1a: Babel's Gate|Whirlwind|p2a: Steelix
|-fail|p2a: Steelix
|move|p2a: Steelix|Roar|p1a: Babel's Gate
|drag|p1a: Sangreal|Machamp, M|69\/100
|
|-heal|p1a: Sangreal|75\/100|[from] item: Leftovers
|-heal|p2a: Steelix|79\/100|[from] item: Leftovers
|upkeep
|turn|68
|inactive|Lavos has 120 seconds left.
|inactive|Lavos has 105 seconds left.
|
|switch|p1a: Babel's Gate|Skarmory, M|100\/100
|move|p2a: Steelix|Earthquake|p1a: Babel's Gate
|-immune|p1a: Babel's Gate|[msg]
|
|-heal|p2a: Steelix|85\/100|[from] item: Leftovers
|upkeep
|turn|69
|
|move|p1a: Babel's Gate|Whirlwind|p2a: Steelix
|-fail|p2a: Steelix
|move|p2a: Steelix|Roar|p1a: Babel's Gate
|drag|p1a: Sangreal|Machamp, M|75\/100
|
|-heal|p1a: Sangreal|81\/100|[from] item: Leftovers
|-heal|p2a: Steelix|92\/100|[from] item: Leftovers
|upkeep
|turn|70
|inactive|giara has 120 seconds left.
|
|switch|p1a: Babel's Gate|Skarmory, M|100\/100
|move|p2a: Steelix|Earthquake|p1a: Babel's Gate
|-immune|p1a: Babel's Gate|[msg]
|
|-heal|p2a: Steelix|98\/100|[from] item: Leftovers
|upkeep
|turn|71
|inactive|Lavos has 120 seconds left.
|
|move|p1a: Babel's Gate|Whirlwind|p2a: Steelix
|-fail|p2a: Steelix
|move|p2a: Steelix|Roar|p1a: Babel's Gate
|drag|p1a: Sunlight Moonlight|Raikou|44\/100
|
|-heal|p1a: Sunlight Moonlight|50\/100|[from] item: Leftovers
|-heal|p2a: Steelix|100\/100|[from] item: Leftovers
|upkeep
|turn|72
|
|switch|p1a: Babel's Gate|Skarmory, M|100\/100
|move|p2a: Steelix|Curse|p2a: Steelix
|-unboost|p2a: Steelix|spe|1
|-boost|p2a: Steelix|atk|1
|-boost|p2a: Steelix|def|1
|
|upkeep
|turn|73
|inactive|giara has 135 seconds left.
|inactive|Lavos has 120 seconds left.
|
|move|p1a: Babel's Gate|Whirlwind|p2a: Steelix
|-fail|p2a: Steelix
|move|p2a: Steelix|Roar|p1a: Babel's Gate
|drag|p1a: Sunlight Moonlight|Raikou|50\/100
|
|-heal|p1a: Sunlight Moonlight|56\/100|[from] item: Leftovers
|upkeep
|turn|74
|inactive|giara has 135 seconds left.
|
|switch|p1a: Babel's Gate|Skarmory, M|100\/100
|move|p2a: Steelix|Explosion|p1a: Babel's Gate
|-resisted|p1a: Babel's Gate
|-damage|p1a: Babel's Gate|0 fnt
|faint|p1a: Babel's Gate
|faint|p2a: Steelix
|inactive|giara has 135 seconds left.
|inactive|Lavos has 120 seconds left.
|
|switch|p1a: Sunlight Moonlight|Raikou|56\/100
|switch|p2a: Heracross|Heracross, M|100\/100 slp
|
|-heal|p1a: Sunlight Moonlight|62\/100|[from] item: Leftovers
|upkeep
|turn|75
|inactive|giara has 135 seconds left.
|inactive|giara has 120 seconds left.
|
|switch|p2a: Raikou|Raikou|78\/100
|move|p1a: Sunlight Moonlight|Thunder|p2a: Raikou
|-resisted|p2a: Raikou
|-damage|p2a: Raikou|60\/100
|
|-heal|p1a: Sunlight Moonlight|68\/100|[from] item: Leftovers
|upkeep
|turn|76
|inactive|Lavos has 135 seconds left.
|inactive|giara has 120 seconds left.
|
|move|p2a: Raikou|Rest|p2a: Raikou
|-status|p2a: Raikou|slp
|-heal|p2a: Raikou|100\/100 slp|[silent]
|-status|p2a: Raikou|slp|[from] move: Rest
|move|p1a: Sunlight Moonlight|Thunder|p2a: Raikou
|-resisted|p2a: Raikou
|-damage|p2a: Raikou|81\/100 slp
|
|-heal|p1a: Sunlight Moonlight|74\/100|[from] item: Leftovers
|upkeep
|turn|77
|
|cant|p2a: Raikou|slp
|move|p2a: Raikou|Sleep Talk|p2a: Raikou
|move|p2a: Raikou|Thunder|p1a: Sunlight Moonlight|[from]Sleep Talk
|-resisted|p1a: Sunlight Moonlight
|-damage|p1a: Sunlight Moonlight|53\/100
|move|p1a: Sunlight Moonlight|Hidden Power|p2a: Raikou
|-damage|p2a: Raikou|66\/100 slp
|
|-heal|p1a: Sunlight Moonlight|59\/100|[from] item: Leftovers
|upkeep
|turn|78
|
|move|p1a: Sunlight Moonlight|Hidden Power|p2a: Raikou
|-damage|p2a: Raikou|50\/100 slp
|cant|p2a: Raikou|slp
|move|p2a: Raikou|Sleep Talk|p2a: Raikou
|move|p2a: Raikou|Thunder|p1a: Sunlight Moonlight|[from]Sleep Talk
|-resisted|p1a: Sunlight Moonlight
|-damage|p1a: Sunlight Moonlight|39\/100
|-status|p1a: Sunlight Moonlight|par
|
|-heal|p1a: Sunlight Moonlight|45\/100 par|[from] item: Leftovers
|upkeep
|turn|79
|inactive|giara has 135 seconds left.
|
|switch|p2a: Heracross|Heracross, M|100\/100 slp
|cant|p1a: Sunlight Moonlight|par
|
|-heal|p1a: Sunlight Moonlight|51\/100 par|[from] item: Leftovers
|upkeep
|turn|80
|inactive|Lavos has 150 seconds left.
|
|switch|p1a: Sangreal|Machamp, M|81\/100
|cant|p2a: Heracross|slp
|move|p2a: Heracross|Sleep Talk|p2a: Heracross
|move|p2a: Heracross|Curse|p2a: Heracross|[from]Sleep Talk
|-unboost|p2a: Heracross|spe|1
|-boost|p2a: Heracross|atk|1
|-boost|p2a: Heracross|def|1
|
|-heal|p1a: Sangreal|87\/100|[from] item: Leftovers
|upkeep
|turn|81
|inactive|giara has 135 seconds left.
|
|move|p1a: Sangreal|Curse|p1a: Sangreal
|-unboost|p1a: Sangreal|spe|1
|-boost|p1a: Sangreal|atk|1
|-boost|p1a: Sangreal|def|1
|-curestatus|p2a: Heracross|slp|[msg]
|move|p2a: Heracross|Megahorn|p1a: Sangreal
|-crit|p1a: Sangreal
|-resisted|p1a: Sangreal
|-damage|p1a: Sangreal|36\/100
|
|-heal|p1a: Sangreal|42\/100|[from] item: Leftovers
|upkeep
|turn|82
|inactive|giara has 135 seconds left.
|
|move|p2a: Heracross|Megahorn|p1a: Sangreal|[miss]
|-miss|p2a: Heracross
|move|p1a: Sangreal|Cross Chop|p2a: Heracross
|-crit|p2a: Heracross
|-resisted|p2a: Heracross
|-damage|p2a: Heracross|57\/100
|
|-heal|p2a: Heracross|63\/100|[from] item: Leftovers
|-heal|p1a: Sangreal|48\/100|[from] item: Leftovers
|upkeep
|turn|83
|inactive|Lavos has 165 seconds left.
|inactive|giara has 135 seconds left.
|
|move|p2a: Heracross|Megahorn|p1a: Sangreal|[miss]
|-miss|p2a: Heracross
|move|p1a: Sangreal|Rock Slide|p2a: Heracross
|-damage|p2a: Heracross|41\/100
|
|-heal|p2a: Heracross|47\/100|[from] item: Leftovers
|-heal|p1a: Sangreal|54\/100|[from] item: Leftovers
|upkeep
|turn|84
|inactive|Lavos has 165 seconds left.
|inactive|giara has 120 seconds left.
|
|move|p2a: Heracross|Megahorn|p1a: Sangreal
|-resisted|p1a: Sangreal
|-damage|p1a: Sangreal|30\/100
|move|p1a: Sangreal|Curse|p1a: Sangreal
|-unboost|p1a: Sangreal|spe|1
|-boost|p1a: Sangreal|atk|1
|-boost|p1a: Sangreal|def|1
|
|-heal|p2a: Heracross|53\/100|[from] item: Leftovers
|-heal|p1a: Sangreal|36\/100|[from] item: Leftovers
|upkeep
|turn|85
|
|move|p2a: Heracross|Curse|p2a: Heracross
|-unboost|p2a: Heracross|spe|1
|-boost|p2a: Heracross|atk|1
|-boost|p2a: Heracross|def|1
|move|p1a: Sangreal|Cross Chop|p2a: Heracross
|-resisted|p2a: Heracross
|-damage|p2a: Heracross|30\/100
|
|-heal|p2a: Heracross|36\/100|[from] item: Leftovers
|-heal|p1a: Sangreal|42\/100|[from] item: Leftovers
|upkeep
|turn|86
|inactive|giara has 135 seconds left.
|inactive|Lavos has 165 seconds left.
|inactive|giara has 120 seconds left.
|inactive|giara has 105 seconds left.
|
|move|p2a: Heracross|Rest|p2a: Heracross
|-status|p2a: Heracross|slp
|-heal|p2a: Heracross|100\/100 slp|[silent]
|-status|p2a: Heracross|slp|[from] move: Rest
|move|p1a: Sangreal|Curse|p1a: Sangreal
|-unboost|p1a: Sangreal|spe|1
|-boost|p1a: Sangreal|atk|1
|-boost|p1a: Sangreal|def|1
|
|-heal|p1a: Sangreal|48\/100|[from] item: Leftovers
|upkeep
|turn|87
|inactive|Lavos has 165 seconds left.
|inactive|Lavos has 150 seconds left.
|inactive|Lavos has 135 seconds left.
|
|cant|p2a: Heracross|slp
|move|p2a: Heracross|Sleep Talk|p2a: Heracross
|move|p2a: Heracross|Curse|p2a: Heracross|[from]Sleep Talk
|-unboost|p2a: Heracross|spe|1
|-boost|p2a: Heracross|atk|1
|-boost|p2a: Heracross|def|1
|move|p1a: Sangreal|Curse|p1a: Sangreal
|-unboost|p1a: Sangreal|spe|1
|-boost|p1a: Sangreal|atk|1
|-boost|p1a: Sangreal|def|1
|
|-heal|p1a: Sangreal|54\/100|[from] item: Leftovers
|upkeep
|turn|88
|inactive|giara has 120 seconds left.
|
|cant|p2a: Heracross|slp
|move|p2a: Heracross|Sleep Talk|p2a: Heracross
|move|p2a: Heracross|Rest|p2a: Heracross|[from]Sleep Talk
|-fail|p2a: Heracross
|move|p1a: Sangreal|Rock Slide|p2a: Heracross
|-damage|p2a: Heracross|75\/100 slp
|
|-heal|p2a: Heracross|81\/100 slp|[from] item: Leftovers
|-heal|p1a: Sangreal|60\/100|[from] item: Leftovers
|upkeep
|turn|89
|
|-curestatus|p2a: Heracross|slp|[msg]
|move|p2a: Heracross|Curse|p2a: Heracross
|-unboost|p2a: Heracross|spe|1
|-boost|p2a: Heracross|atk|1
|-boost|p2a: Heracross|def|1
|move|p1a: Sangreal|Rock Slide|p2a: Heracross|[miss]
|-miss|p1a: Sangreal
|
|-heal|p2a: Heracross|88\/100|[from] item: Leftovers
|-heal|p1a: Sangreal|66\/100|[from] item: Leftovers
|upkeep
|turn|90
|
|move|p2a: Heracross|Megahorn|p1a: Sangreal
|-resisted|p1a: Sangreal
|-damage|p1a: Sangreal|42\/100
|move|p1a: Sangreal|Rock Slide|p2a: Heracross
|-damage|p2a: Heracross|64\/100
|
|-heal|p2a: Heracross|70\/100|[from] item: Leftovers
|-heal|p1a: Sangreal|48\/100|[from] item: Leftovers
|upkeep
|turn|91
|inactive|Lavos has 165 seconds left.
|inactive|Lavos has 150 seconds left.
|
|move|p2a: Heracross|Megahorn|p1a: Sangreal
|-resisted|p1a: Sangreal
|-damage|p1a: Sangreal|25\/100
|move|p1a: Sangreal|Rock Slide|p2a: Heracross
|-damage|p2a: Heracross|50\/100
|
|-heal|p2a: Heracross|56\/100|[from] item: Leftovers
|-heal|p1a: Sangreal|31\/100|[from] item: Leftovers
|upkeep
|turn|92
|inactive|Lavos has 150 seconds left.
|inactive|giara has 135 seconds left.
|inactive|giara has 120 seconds left.
|
|move|p2a: Heracross|Megahorn|p1a: Sangreal
|-resisted|p1a: Sangreal
|-damage|p1a: Sangreal|9\/100
|move|p1a: Sangreal|Cross Chop|p2a: Heracross
|-resisted|p2a: Heracross
|-damage|p2a: Heracross|34\/100
|
|-heal|p2a: Heracross|40\/100|[from] item: Leftovers
|-heal|p1a: Sangreal|15\/100|[from] item: Leftovers
|upkeep
|turn|93
|inactive|Lavos has 150 seconds left.
|inactive|giara has 120 seconds left.
|
|move|p2a: Heracross|Megahorn|p1a: Sangreal
|-crit|p1a: Sangreal
|-resisted|p1a: Sangreal
|-damage|p1a: Sangreal|0 fnt
|faint|p1a: Sangreal
|
|switch|p1a: Sunlight Moonlight|Raikou|51\/100 par
|
|-heal|p2a: Heracross|46\/100|[from] item: Leftovers
|-heal|p1a: Sunlight Moonlight|57\/100 par|[from] item: Leftovers
|upkeep
|turn|94
|inactive|Lavos has 165 seconds left.
|inactive|giara has 120 seconds left.
|
|move|p2a: Heracross|Megahorn|p1a: Sunlight Moonlight
|-damage|p1a: Sunlight Moonlight|0 fnt
|faint|p1a: Sunlight Moonlight
|
|win|giara
|c|☆Lavos|gg
|c|☆giara|gg
</script>
</div>
<div class="battle-log battle-log-inline"><div class="inner"><div class="battle-options"></div><div class="inner"><div class="chat message-error">Battle timer is ON: inactive players will automatically lose when time's up.</div><div class=""><small>Format:</small> <br><strong>[Gen 2] OU</strong></div><div class=""><small><em>Sleep Clause Mod:</em> Limit one foe put to sleep</small></div><div class=""><small><em>Freeze Clause Mod:</em> Limit one foe frozen</small></div><div class=""><small><em>Species Clause:</em> Limit one of each Pokémon</small></div><div class=""><small><em>OHKO Clause:</em> OHKO moves are banned</small></div><div class=""><small><em>Evasion Moves Clause:</em> Evasion moves are banned</small></div><div class=""><small><em>HP Percentage Mod:</em> HP is shown in percentages</small></div><div class="spacer battle-history"><br></div><div class="battle-history">Battle started between Lavos and giara!<br></div><div class="spacer battle-history"><br></div><div class="battle-history">Go! Anubis (<strong>Tyranitar</strong>)!<br></div><div class="spacer battle-history"><br></div><div class="battle-history">giara sent out <strong>Cloyster</strong>!<br></div><div class="spacer battle-history"><br></div><h2 class="battle-history">Turn 1</h2><div class="chat chatmessage-lavos"><strong style="color:#489e0e"><small>☆</small><span class="username" data-name="Lavos">Lavos</span>:</strong> <em>gl hf man.</em></div><div class="chat chatmessage-tony"><strong style="color:#ac2791"><small>~</small><span class="username" data-name="Tony">Tony</span>:</strong> <em>wcop?</em></div><div class="chat chatmessage-giara"><strong style="color:#c43694"><small>☆</small><span class="username" data-name="giara">giara</span>:</strong> <em>u2</em></div><div class="chat chatmessage-lavos"><strong style="color:#489e0e"><small>☆</small><span class="username" data-name="Lavos">Lavos</span>:</strong> <em>yes</em></div><div class="chat"><div class="broadcast-red"><strong>Moderated chat was set to ☆!</strong><br>Only users of rank ☆ and higher can talk.</div></div><div class="chat message-error">Lavos has 285 seconds left.</div><div class="chat message-error">giara has 285 seconds left.</div><div class="chat message-error">Lavos has 270 seconds left.</div><div class="chat message-error">Lavos has 255 seconds left.</div><div class="spacer battle-history"><br></div><div class="battle-history">The opposing Cloyster used <strong>Spikes</strong>!<br></div><div class="battle-history"><small>Spikes were scattered on the ground all around your team!</small><br></div><div class="spacer battle-history"><br></div><div class="battle-history">Anubis used <strong>Rock Slide</strong>!<br></div><div class="battle-history"><small>Anubis's attack missed!</small><br></div><div class="spacer battle-history"><br></div><h2 class="battle-history">Turn 2</h2><div class="chat message-error">Lavos has 255 seconds left.</div><div class="spacer battle-history"><br></div><div class="battle-history">Anubis, come back!<br></div><div class="battle-history">Go! Sunlight Moonlight (<strong>Raikou</strong>)!<br></div><div class="battle-history"><small>Sunlight Moonlight was hurt by the spikes!</small><br></div><div class="spacer battle-history"><br></div><div class="battle-history">The opposing Cloyster used <strong>Toxic</strong>!<br></div><div class="battle-history"><small>Sunlight Moonlight was badly poisoned!</small><br></div><div class="spacer battle-history"><br></div><div class="battle-history"><small>Sunlight Moonlight restored a little HP using its Leftovers!</small><br></div><div class="spacer battle-history"><br></div><h2 class="battle-history">Turn 3</h2><div class="chat message-error">Lavos has 240 seconds left.</div><div class="spacer battle-history"><br></div><div class="battle-history">Sunlight Moonlight, come back!<br></div><div class="battle-history">Go! Babel's Gate (<strong>Skarmory</strong>)!<br></div><div class="spacer battle-history"><br></div><div class="battle-history">giara withdrew Cloyster!<br></div><div class="battle-history">giara sent out <strong>Raikou</strong>!<br></div><div class="spacer battle-history"><br></div><h2 class="battle-history">Turn 4</h2><div class="chat message-error">giara has 285 seconds left.</div><div class="spacer battle-history"><br></div><div class="battle-history">Babel's Gate, come back!<br></div><div class="battle-history">Go! Communion (<strong>Snorlax</strong>)!<br></div><div class="battle-history"><small>Communion was hurt by the spikes!</small><br></div><div class="spacer battle-history"><br></div><div class="battle-history">The opposing Raikou used <strong>Thunder</strong>!<br></div><div class="battle-history"><small>(Communion lost 30% of its health!)</small><br></div><div class="spacer battle-history"><br></div><div class="battle-history"><small>Communion restored a little HP using its Leftovers!</small><br></div><div class="spacer battle-history"><br></div><h2 class="battle-history">Turn 5</h2><div class="chat message-error">giara has 285 seconds left.</div><div class="chat message-error">giara has 270 seconds left.</div><div class="spacer battle-history"><br></div><div class="battle-history">giara withdrew Raikou!<br></div><div class="battle-history">giara sent out <strong>Cloyster</strong>!<br></div><div class="spacer battle-history"><br></div><div class="battle-history">Communion used <strong>Body Slam</strong>!<br></div><div class="battle-history"><small>(The opposing Cloyster lost 23% of its health!)</small><br></div><div class="spacer battle-history"><br></div><div class="battle-history"><small>The opposing Cloyster restored a little HP using its Leftovers!</small><br></div><div class="battle-history"><small>Communion restored a little HP using its Leftovers!</small><br></div><div class="spacer battle-history"><br></div><h2 class="battle-history">Turn 6</h2><div class="chat message-error">Lavos has 240 seconds left.</div><div class="chat message-error">giara has 270 seconds left.</div><div class="chat message-error">Lavos has 225 seconds left.</div><div class="spacer battle-history"><br></div><div class="battle-history">The opposing Cloyster used <strong>Surf</strong>!<br></div><div class="battle-history"><small>(Communion lost 17% of its health!)</small><br></div><div class="spacer battle-history"><br></div><div class="battle-history">Communion used <strong>Body Slam</strong>!<br></div><div class="battle-history"><small>A critical hit!</small><br></div><div class="battle-history"><small>(The opposing Cloyster lost 43% of its health!)</small><br></div><div class="battle-history"><small>The opposing Cloyster is paralyzed! It may be unable to move!</small><br></div><div class="spacer battle-history"><br></div><div class="battle-history"><small>Communion restored a little HP using its Leftovers!</small><br></div><div class="battle-history"><small>The opposing Cloyster restored a little HP using its Leftovers!</small><br></div><div class="spacer battle-history"><br></div><h2 class="battle-history">Turn 7</h2><div class="chat message-error">giara has 270 seconds left.</div><div class="chat message-error">Lavos has 225 seconds left.</div><div class="chat message-error">giara has 255 seconds left.</div><div class="chat message-error">Lavos has 210 seconds left.</div><div class="chat message-error">Lavos has 195 seconds left.</div><div class="spacer battle-history"><br></div><div class="battle-history">Communion, come back!<br></div><div class="battle-history">Go! Anubis (<strong>Tyranitar</strong>)!<br></div><div class="battle-history"><small>Anubis was hurt by the spikes!</small><br></div><div class="spacer battle-history"><br></div><div class="battle-history">The opposing Cloyster used <strong>Explosion</strong>!<br></div><div class="battle-history"><small>It's not very effective...</small><br></div><div class="battle-history"><small>(Anubis lost 43% of its health!)</small><br></div><div class="spacer battle-history"><br></div><div class="battle-history">The opposing Cloyster fainted!<br></div><div class="chat message-error">giara has 255 seconds left.</div><div class="chat message-error">giara has 240 seconds left.</div><div class="chat message-error">giara has 225 seconds left.</div><div class="chat message-error">giara has 210 seconds left.</div><div class="spacer battle-history"><br></div><div class="battle-history">giara sent out <strong>Gengar</strong>!<br></div><div class="spacer battle-history"><br></div><div class="battle-history"><small>Anubis restored a little HP using its Leftovers!</small><br></div><div class="spacer battle-history"><br></div><h2 class="battle-history">Turn 8</h2><div class="chat message-error">Lavos has 210 seconds left.</div><div class="chat message-error">Lavos has 195 seconds left.</div><div class="chat message-error">Lavos has 180 seconds left.</div><div class="chat message-error">Lavos has 165 seconds left.</div><div class="spacer battle-history"><br></div><div class="battle-history">Anubis, come back!<br></div><div class="battle-history">Go! Sunlight Moonlight (<strong>Raikou</strong>)!<br></div><div class="battle-history"><small>Sunlight Moonlight was poisoned!</small><br></div><div class="battle-history"><small>Sunlight Moonlight was hurt by the spikes!</small><br></div><div class="battle-history"><small>Sunlight Moonlight was hurt by poison!</small><br></div><div class="spacer battle-history"><br></div><div class="battle-history">The opposing Gengar used <strong>Dynamic Punch</strong>!<br></div><div class="battle-history"><small>(Sunlight Moonlight lost 20% of its health!)</small><br></div><div class="battle-history"><small>Sunlight Moonlight became confused!</small><br></div><div class="spacer battle-history"><br></div><div class="battle-history"><small>Sunlight Moonlight restored a little HP using its Leftovers!</small><br></div><div class="spacer battle-history"><br></div><h2 class="battle-history">Turn 9</h2><div class="chat message-error">giara has 210 seconds left.</div><div class="chat message-error">Lavos has 165 seconds left.</div><div class="chat message-error">giara has 195 seconds left.</div><div class="spacer battle-history"><br></div><div class="battle-history">giara withdrew Gengar!<br></div><div class="battle-history">giara sent out <strong>Snorlax</strong>!<br></div><div class="spacer battle-history"><br></div><div class="battle-history"><small>Sunlight Moonlight is confused!</small><br></div><div class="battle-history">It hurt itself in its confusion!<br></div><div class="battle-history"><small>Sunlight Moonlight was hurt by poison!</small><br></div><div class="spacer battle-history"><br></div><div class="battle-history"><small>Sunlight Moonlight restored a little HP using its Leftovers!</small><br></div><div class="spacer battle-history"><br></div><h2 class="battle-history">Turn 10</h2><div class="chat message-error">giara has 195 seconds left.</div><div class="chat message-error">Lavos has 165 seconds left.</div><div class="spacer battle-history"><br></div><div class="battle-history">Sunlight Moonlight, come back!<br></div><div class="battle-history">Go! Babel's Gate (<strong>Skarmory</strong>)!<br></div><div class="spacer battle-history"><br></div><div class="battle-history">The opposing Snorlax used <strong>Body Slam</strong>!<br></div><div class="battle-history"><small>It's not very effective...</small><br></div><div class="battle-history"><small>(Babel's Gate lost 13% of its health!)</small><br></div><div class="spacer battle-history"><br></div><h2 class="battle-history">Turn 11</h2><div class="chat message-error">giara has 180 seconds left.</div><div class="spacer battle-history"><br></div><div class="battle-history">giara withdrew Snorlax!<br></div><div class="battle-history">giara sent out <strong>Raikou</strong>!<br></div><div class="spacer battle-history"><br></div><div class="battle-history">Babel's Gate used <strong>Thief</strong>!<br></div><div class="battle-history"><small>(The opposing Raikou lost 4% of its health!)</small><br></div><div class="battle-history"><small>Babel's Gate stole the opposing Raikou's Leftovers!</small><br></div><div class="spacer battle-history"><br></div><div class="battle-history"><small>Babel's Gate restored a little HP using its Leftovers!</small><br></div><div class="spacer battle-history"><br></div><h2 class="battle-history">Turn 12</h2><div class="chat message-error">Lavos has 165 seconds left.</div><div class="chat message-error">giara has 180 seconds left.</div><div class="chat message-error">Lavos has 150 seconds left.</div><div class="chat message-error">Lavos has 135 seconds left.</div><div class="spacer battle-history"><br></div><div class="battle-history">Babel's Gate, come back!<br></div><div class="battle-history">Go! Anubis (<strong>Tyranitar</strong>)!<br></div><div class="battle-history"><small>Anubis was hurt by the spikes!</small><br></div><div class="spacer battle-history"><br></div><div class="battle-history">The opposing Raikou used <strong>Thunder</strong>!<br></div><div class="battle-history"><small>(Anubis lost 39% of its health!)</small><br></div><div class="spacer battle-history"><br></div><div class="battle-history">Anubis fainted!<br></div><div class="chat message-error">Lavos has 135 seconds left.</div><div class="spacer battle-history"><br></div><div class="battle-history">Go! Sunlight Moonlight (<strong>Raikou</strong>)!<br></div><div class="battle-history"><small>Sunlight Moonlight was hurt by the spikes!</small><br></div><div class="spacer battle-history"><br></div><div class="battle-history"><small>Sunlight Moonlight restored a little HP using its Leftovers!</small><br></div><div class="spacer battle-history"><br></div><h2 class="battle-history">Turn 13</h2><div class="spacer battle-history"><br></div><div class="battle-history">giara withdrew Raikou!<br></div><div class="battle-history">giara sent out <strong>Snorlax</strong>!<br></div><div class="spacer battle-history"><br></div><div class="battle-history">Sunlight Moonlight used <strong>Rest</strong>!<br></div><div class="battle-history"><small>Sunlight Moonlight fell asleep!</small><br></div><div class="battle-history"><small>Sunlight Moonlight slept and became healthy!</small><br></div><div class="spacer battle-history"><br></div><h2 class="battle-history">Turn 14</h2><div class="chat message-error">Lavos has 135 seconds left.</div><div class="spacer battle-history"><br></div><div class="battle-history">Sunlight Moonlight is fast asleep.<br></div><div class="spacer battle-history"><br></div><div class="battle-history">Sunlight Moonlight used <strong>Sleep Talk</strong>!<br></div><div class="spacer battle-history"><br></div><div class="battle-history">Sunlight Moonlight used <strong>Thunder</strong>!<br></div><div class="battle-history"><small>(The opposing Snorlax lost 27% of its health!)</small><br></div><div class="spacer battle-history"><br></div><div class="battle-history">The opposing Snorlax used <strong>Body Slam</strong>!<br></div><div class="battle-history"><small>(Sunlight Moonlight lost 31% of its health!)</small><br></div><div class="spacer battle-history"><br></div><div class="battle-history"><small>Sunlight Moonlight restored a little HP using its Leftovers!</small><br></div><div class="battle-history"><small>The opposing Snorlax restored a little HP using its Leftovers!</small><br></div><div class="spacer battle-history"><br></div><h2 class="battle-history">Turn 15</h2><div class="chat message-error">Lavos has 135 seconds left.</div><div class="spacer battle-history"><br></div><div class="battle-history">Sunlight Moonlight, come back!<br></div><div class="battle-history">Go! Babel's Gate (<strong>Skarmory</strong>)!<br></div><div class="spacer battle-history"><br></div><div class="battle-history">The opposing Snorlax used <strong>Curse</strong>!<br></div><div class="battle-history"><small>The opposing Snorlax's Speed fell!</small><br></div><div class="battle-history"><small>The opposing Snorlax's Attack rose!</small><br></div><div class="battle-history"><small>The opposing Snorlax's Defense rose!</small><br></div><div class="spacer battle-history"><br></div><div class="battle-history"><small>Babel's Gate restored a little HP using its Leftovers!</small><br></div><div class="battle-history"><small>The opposing Snorlax restored a little HP using its Leftovers!</small><br></div><div class="spacer battle-history"><br></div><h2 class="battle-history">Turn 16</h2><div class="spacer battle-history"><br></div><div class="battle-history">The opposing Snorlax used <strong>Body Slam</strong>!<br></div><div class="battle-history"><small>It's not very effective...</small><br></div><div class="battle-history"><small>(Babel's Gate lost 18% of its health!)</small><br></div><div class="spacer battle-history"><br></div><div class="battle-history">Babel's Gate used <strong>Whirlwind</strong>!<br></div><div class="spacer battle-history"><br></div><div class="battle-history"><strong>Gengar</strong> was dragged out!<br></div><div class="spacer battle-history"><br></div><div class="battle-history"><small>Babel's Gate restored a little HP using its Leftovers!</small><br></div><div class="spacer battle-history"><br></div><h2 class="battle-history">Turn 17</h2><div class="chat message-error">Lavos has 150 seconds left.</div><div class="spacer battle-history"><br></div><div class="battle-history">giara withdrew Gengar!<br></div><div class="battle-history">giara sent out <strong>Snorlax</strong>!<br></div><div class="spacer battle-history"><br></div><div class="battle-history">Babel's Gate, come back!<br></div><div class="battle-history">Go! Sunlight Moonlight (<strong>Raikou</strong>)!<br></div><div class="battle-history"><small>Sunlight Moonlight was hurt by the spikes!</small><br></div><div class="spacer battle-history"><br></div><div class="battle-history"><small>Sunlight Moonlight restored a little HP using its Leftovers!</small><br></div><div class="battle-history"><small>The opposing Snorlax restored a little HP using its Leftovers!</small><br></div><div class="spacer battle-history"><br></div><h2 class="battle-history">Turn 18</h2><div class="chat message-error">Lavos has 150 seconds left.</div><div class="spacer battle-history"><br></div><div class="battle-history">Sunlight Moonlight, come back!<br></div><div class="battle-history">Go! Babel's Gate (<strong>Skarmory</strong>)!<br></div><div class="spacer battle-history"><br></div><div class="battle-history">The opposing Snorlax used <strong>Curse</strong>!<br></div><div class="battle-history"><small>The opposing Snorlax's Speed fell!</small><br></div><div class="battle-history"><small>The opposing Snorlax's Attack rose!</small><br></div><div class="battle-history"><small>The opposing Snorlax's Defense rose!</small><br></div><div class="spacer battle-history"><br></div><div class="battle-history"><small>Babel's Gate restored a little HP using its Leftovers!</small><br></div><div class="battle-history"><small>The opposing Snorlax restored a little HP using its Leftovers!</small><br></div><div class="spacer battle-history"><br></div><h2 class="battle-history">Turn 19</h2><div class="chat message-error">giara has 210 seconds left.</div><div class="spacer battle-history"><br></div><div class="battle-history">The opposing Snorlax used <strong>Body Slam</strong>!<br></div><div class="battle-history"><small>It's not very effective...</small><br></div><div class="battle-history"><small>(Babel's Gate lost 19% of its health!)</small><br></div><div class="spacer battle-history"><br></div><div class="battle-history">Babel's Gate used <strong>Whirlwind</strong>!<br></div><div class="spacer battle-history"><br></div><div class="battle-history"><strong>Heracross</strong> was dragged out!<br></div><div class="spacer battle-history"><br></div><div class="battle-history"><small>Babel's Gate restored a little HP using its Leftovers!</small><br></div><div class="spacer battle-history"><br></div><h2 class="battle-history">Turn 20</h2><div class="chat message-error">Lavos has 165 seconds left.</div><div class="chat message-error">giara has 210 seconds left.</div><div class="chat message-error">Lavos has 150 seconds left.</div><div class="spacer battle-history"><br></div><div class="battle-history">giara withdrew Heracross!<br></div><div class="battle-history">giara sent out <strong>Raikou</strong>!<br></div><div class="spacer battle-history"><br></div><div class="battle-history">Babel's Gate, come back!<br></div><div class="battle-history">Go! Sunlight Moonlight (<strong>Raikou</strong>)!<br></div><div class="battle-history"><small>Sunlight Moonlight was hurt by the spikes!</small><br></div><div class="spacer battle-history"><br></div><div class="battle-history"><small>Sunlight Moonlight restored a little HP using its Leftovers!</small><br></div><div class="spacer battle-history"><br></div><h2 class="battle-history">Turn 21</h2><div class="chat message-error">giara has 210 seconds left.</div><div class="spacer battle-history"><br></div><div class="battle-history">giara withdrew Raikou!<br></div><div class="battle-history">giara sent out <strong>Steelix</strong>!<br></div><div class="spacer battle-history"><br></div><div class="battle-history">Sunlight Moonlight is fast asleep.<br></div><div class="spacer battle-history"><br></div><div class="battle-history">Sunlight Moonlight used <strong>Sleep Talk</strong>!<br></div><div class="spacer battle-history"><br></div><div class="battle-history">Sunlight Moonlight used <strong>Hidden Power</strong>!<br></div><div class="battle-history"><small>(The opposing Steelix lost 20% of its health!)</small><br></div><div class="spacer battle-history"><br></div><div class="battle-history"><small>Sunlight Moonlight restored a little HP using its Leftovers!</small><br></div><div class="battle-history"><small>The opposing Steelix restored a little HP using its Leftovers!</small><br></div><div class="spacer battle-history"><br></div><h2 class="battle-history">Turn 22</h2><div class="spacer battle-history"><br></div><div class="battle-history">Sunlight Moonlight, come back!<br></div><div class="battle-history">Go! Persepolis (<strong>Starmie</strong>)!<br></div><div class="battle-history"><small>Persepolis was hurt by the spikes!</small><br></div><div class="spacer battle-history"><br></div><div class="battle-history">The opposing Steelix used <strong>Earthquake</strong>!<br></div><div class="battle-history"><small>(Persepolis lost 36% of its health!)</small><br></div><div class="spacer battle-history"><br></div><div class="battle-history"><small>Persepolis restored a little HP using its Leftovers!</small><br></div><div class="battle-history"><small>The opposing Steelix restored a little HP using its Leftovers!</small><br></div><div class="spacer battle-history"><br></div><h2 class="battle-history">Turn 23</h2><div class="chat message-error">Lavos has 150 seconds left.</div><div class="chat message-error">giara has 210 seconds left.</div><div class="chat message-error">Lavos has 135 seconds left.</div><div class="chat message-error">giara has 195 seconds left.</div><div class="chat message-error">Lavos has 120 seconds left.</div><div class="chat message-error">giara has 180 seconds left.</div><div class="spacer battle-history"><br></div><div class="battle-history">giara withdrew Steelix!<br></div><div class="battle-history">giara sent out <strong>Raikou</strong>!<br></div><div class="spacer battle-history"><br></div><div class="battle-history">Persepolis used <strong>Rapid Spin</strong>!<br></div><div class="battle-history"><small>(The opposing Raikou lost 5% of its health!)</small><br></div><div class="battle-history"><small>The spikes disappeared from the ground around your team!</small><br></div><div class="spacer battle-history"><br></div><div class="battle-history"><small>Persepolis restored a little HP using its Leftovers!</small><br></div><div class="spacer battle-history"><br></div><h2 class="battle-history">Turn 24</h2><div class="chat message-error">Lavos has 120 seconds left.</div><div class="chat message-error">giara has 165 seconds left.</div><div class="chat message-error">Lavos has 105 seconds left.</div><div class="chat message-error">giara has 150 seconds left.</div><div class="spacer battle-history"><br></div><div class="battle-history">giara withdrew Raikou!<br></div><div class="battle-history">giara sent out <strong>Snorlax</strong>!<br></div><div class="spacer battle-history"><br></div><div class="battle-history">Persepolis, come back!<br></div><div class="battle-history">Go! Communion (<strong>Snorlax</strong>)!<br></div><div class="spacer battle-history"><br></div><div class="battle-history"><small>Communion restored a little HP using its Leftovers!</small><br></div><div class="battle-history"><small>The opposing Snorlax restored a little HP using its Leftovers!</small><br></div><div class="spacer battle-history"><br></div><h2 class="battle-history">Turn 25</h2><div class="chat message-error">Lavos has 105 seconds left.</div><div class="chat message-error">giara has 150 seconds left.</div><div class="chat message-error">Lavos has 90 seconds left.</div><div class="chat message-error">Lavos has 75 seconds left.</div><div class="chat message-error">Lavos has 60 seconds left.</div><div class="chat message-error">Lavos has 45 seconds left.</div><div class="spacer battle-history"><br></div><div class="battle-history">The opposing Snorlax used <strong>Body Slam</strong>!<br></div><div class="battle-history"><small>A critical hit!</small><br></div><div class="battle-history"><small>(Communion lost 49% of its health!)</small><br></div><div class="spacer battle-history"><br></div><div class="battle-history">Communion used <strong>Curse</strong>!<br></div><div class="battle-history"><small>Communion's Speed fell!</small><br></div><div class="battle-history"><small>Communion's Attack rose!</small><br></div><div class="battle-history"><small>Communion's Defense rose!</small><br></div><div class="spacer battle-history"><br></div><div class="battle-history"><small>Communion restored a little HP using its Leftovers!</small><br></div><div class="spacer battle-history"><br></div><h2 class="battle-history">Turn 26</h2><div class="chat message-error">Lavos has 45 seconds left.</div><div class="chat message-error">giara has 150 seconds left.</div><div class="chat message-error">giara has 135 seconds left.</div><div class="spacer battle-history"><br></div><div class="battle-history">giara withdrew Snorlax!<br></div><div class="battle-history">giara sent out <strong>Steelix</strong>!<br></div><div class="spacer battle-history"><br></div><div class="battle-history">Communion used <strong>Rest</strong>!<br></div><div class="battle-history"><small>Communion fell asleep!</small><br></div><div class="battle-history"><small>Communion slept and became healthy!</small><br></div><div class="spacer battle-history"><br></div><div class="battle-history"><small>The opposing Steelix restored a little HP using its Leftovers!</small><br></div><div class="spacer battle-history"><br></div><h2 class="battle-history">Turn 27</h2><div class="chat message-error">Lavos has 45 seconds left.</div><div class="spacer battle-history"><br></div><div class="battle-history">The opposing Steelix used <strong>Curse</strong>!<br></div><div class="battle-history"><small>The opposing Steelix's Speed fell!</small><br></div><div class="battle-history"><small>The opposing Steelix's Attack rose!</small><br></div><div class="battle-history"><small>The opposing Steelix's Defense rose!</small><br></div><div class="spacer battle-history"><br></div><div class="battle-history">Communion is fast asleep.<br></div><div class="spacer battle-history"><br></div><div class="battle-history"><small>The opposing Steelix restored a little HP using its Leftovers!</small><br></div><div class="spacer battle-history"><br></div><h2 class="battle-history">Turn 28</h2><div class="chat message-error">giara has 135 seconds left.</div><div class="spacer battle-history"><br></div><div class="battle-history">Communion is fast asleep.<br></div><div class="spacer battle-history"><br></div><div class="battle-history">The opposing Steelix used <strong>Roar</strong>!<br></div><div class="spacer battle-history"><br></div><div class="battle-history">Babel's Gate (<strong>Skarmory</strong>) was dragged out!<br></div><div class="spacer battle-history"><br></div><div class="battle-history"><small>Babel's Gate restored a little HP using its Leftovers!</small><br></div><div class="spacer battle-history"><br></div><h2 class="battle-history">Turn 29</h2><div class="chat message-error">Lavos has 45 seconds left.</div><div class="chat message-error">giara has 120 seconds left.</div><div class="chat message-error">giara has 105 seconds left.</div><div class="spacer battle-history"><br></div><div class="battle-history">Babel's Gate used <strong>Whirlwind</strong>!<br></div><div class="battle-history"><small>But it failed!</small><br></div><div class="spacer battle-history"><br></div><div class="battle-history">The opposing Steelix used <strong>Roar</strong>!<br></div><div class="spacer battle-history"><br></div><div class="battle-history">Sunlight Moonlight (<strong>Raikou</strong>) was dragged out!<br></div><div class="spacer battle-history"><br></div><div class="battle-history"><small>Sunlight Moonlight restored a little HP using its Leftovers!</small><br></div><div class="spacer battle-history"><br></div><h2 class="battle-history">Turn 30</h2><div class="chat message-error">giara has 105 seconds left.</div><div class="spacer battle-history"><br></div><div class="battle-history">Sunlight Moonlight, come back!<br></div><div class="battle-history">Go! Babel's Gate (<strong>Skarmory</strong>)!<br></div><div class="spacer battle-history"><br></div><div class="battle-history">The opposing Steelix used <strong>Curse</strong>!<br></div><div class="battle-history"><small>The opposing Steelix's Speed fell!</small><br></div><div class="battle-history"><small>The opposing Steelix's Attack rose!</small><br></div><div class="battle-history"><small>The opposing Steelix's Defense rose!</small><br></div><div class="spacer battle-history"><br></div><div class="battle-history"><small>Babel's Gate restored a little HP using its Leftovers!</small><br></div><div class="spacer battle-history"><br></div><h2 class="battle-history">Turn 31</h2><div class="chat message-error">giara has 105 seconds left.</div><div class="chat message-error">giara has 90 seconds left.</div><div class="spacer battle-history"><br></div><div class="battle-history">Babel's Gate used <strong>Whirlwind</strong>!<br></div><div class="battle-history"><small>But it failed!</small><br></div><div class="spacer battle-history"><br></div><div class="battle-history">The opposing Steelix used <strong>Roar</strong>!<br></div><div class="spacer battle-history"><br></div><div class="battle-history">Persepolis (<strong>Starmie</strong>) was dragged out!<br></div><div class="spacer battle-history"><br></div><div class="battle-history"><small>Persepolis restored a little HP using its Leftovers!</small><br></div><div class="spacer battle-history"><br></div><h2 class="battle-history">Turn 32</h2><div class="chat message-error">Lavos has 60 seconds left.</div><div class="chat message-error">Lavos has 45 seconds left.</div><div class="spacer battle-history"><br></div><div class="battle-history">Persepolis used <strong>Surf</strong>!<br></div><div class="battle-history"><small>It's super effective!</small><br></div><div class="battle-history"><small>(The opposing Steelix lost 76% of its health!)</small><br></div><div class="spacer battle-history"><br></div><div class="battle-history">The opposing Steelix used <strong>Earthquake</strong>!<br></div><div class="battle-history"><small>(Persepolis lost 70% of its health!)</small><br></div><div class="spacer battle-history"><br></div><div class="battle-history">Persepolis fainted!<br></div><div class="chat message-error">Lavos has 45 seconds left.</div><div class="spacer battle-history"><br></div><div class="battle-history">Go! Communion (<strong>Snorlax</strong>)!<br></div><div class="spacer battle-history"><br></div><div class="battle-history"><small>The opposing Steelix restored a little HP using its Leftovers!</small><br></div><div class="spacer battle-history"><br></div><h2 class="battle-history">Turn 33</h2><div class="chat message-error">giara has 90 seconds left.</div><div class="spacer battle-history"><br></div><div class="battle-history">giara withdrew Steelix!<br></div><div class="battle-history">giara sent out <strong>Gengar</strong>!<br></div><div class="battle-history"><small>Communion woke up!</small><br></div><div class="spacer battle-history"><br></div><div class="battle-history">Communion used <strong>Fire Blast</strong>!<br></div><div class="battle-history"><small>(The opposing Gengar lost 26% of its health!)</small><br></div><div class="spacer battle-history"><br></div><div class="battle-history"><small>The opposing Gengar restored a little HP using its Leftovers!</small><br></div><div class="spacer battle-history"><br></div><h2 class="battle-history">Turn 34</h2><div class="chat message-error">Lavos has 60 seconds left.</div><div class="chat message-error">giara has 90 seconds left.</div><div class="spacer battle-history"><br></div><div class="battle-history">The opposing Gengar used <strong>Dynamic Punch</strong>!<br></div><div class="battle-history"><small>The opposing Gengar's attack missed!</small><br></div><div class="spacer battle-history"><br></div><div class="battle-history">Communion used <strong>Fire Blast</strong>!<br></div><div class="battle-history"><small>(The opposing Gengar lost 29% of its health!)</small><br></div><div class="spacer battle-history"><br></div><div class="battle-history"><small>The opposing Gengar restored a little HP using its Leftovers!</small><br></div><div class="spacer battle-history"><br></div><h2 class="battle-history">Turn 35</h2><div class="chat message-error">Lavos has 60 seconds left.</div><div class="chat message-error">giara has 90 seconds left.</div><div class="spacer battle-history"><br></div><div class="battle-history">The opposing Gengar used <strong>Dynamic Punch</strong>!<br></div><div class="battle-history"><small>The opposing Gengar's attack missed!</small><br></div><div class="spacer battle-history"><br></div><div class="battle-history">Communion used <strong>Fire Blast</strong>!<br></div><div class="battle-history"><small>A critical hit!</small><br></div><div class="battle-history"><small>(The opposing Gengar lost 49% of its health!)</small><br></div><div class="spacer battle-history"><br></div><div class="battle-history"><small>The opposing Gengar restored a little HP using its Leftovers!</small><br></div><div class="spacer battle-history"><br></div><h2 class="battle-history">Turn 36</h2><div class="chat message-error">Lavos has 60 seconds left.</div><div class="chat message-error">giara has 90 seconds left.</div><div class="chat message-error">Lavos has 45 seconds left.</div><div class="spacer battle-history"><br></div><div class="battle-history">The opposing Gengar used <strong>Dynamic Punch</strong>!<br></div><div class="battle-history"><small>The opposing Gengar's attack missed!</small><br></div><div class="spacer battle-history"><br></div><div class="battle-history">Communion used <strong>Fire Blast</strong>!<br></div><div class="battle-history"><small>(The opposing Gengar lost 15% of its health!)</small><br></div><div class="spacer battle-history"><br></div><div class="battle-history">The opposing Gengar fainted!<br></div><div class="chat message-error">giara has 90 seconds left.</div><div class="spacer battle-history"><br></div><div class="battle-history">giara sent out <strong>Snorlax</strong>!<br></div><div class="spacer battle-history"><br></div><h2 class="battle-history">Turn 37</h2><div class="chat message-error">Lavos has 45 seconds left.</div><div class="chat message-error">giara has 90 seconds left.</div><div class="chat message-error">Lavos has 30 seconds left.</div><div class="spacer battle-history"><br></div><div class="battle-history">Communion used <strong>Curse</strong>!<br></div><div class="battle-history"><small>Communion's Speed fell!</small><br></div><div class="battle-history"><small>Communion's Attack rose!</small><br></div><div class="battle-history"><small>Communion's Defense rose!</small><br></div><div class="spacer battle-history"><br></div><div class="battle-history">The opposing Snorlax used <strong>Curse</strong>!<br></div><div class="battle-history"><small>The opposing Snorlax's Speed fell!</small><br></div><div class="battle-history"><small>The opposing Snorlax's Attack rose!</small><br></div><div class="battle-history"><small>The opposing Snorlax's Defense rose!</small><br></div><div class="spacer battle-history"><br></div><h2 class="battle-history">Turn 38</h2><div class="chat message-error">giara has 90 seconds left.</div><div class="spacer battle-history"><br></div><div class="battle-history">Communion used <strong>Body Slam</strong>!<br></div><div class="battle-history"><small>(The opposing Snorlax lost 28% of its health!)</small><br></div><div class="spacer battle-history"><br></div><div class="battle-history">The opposing Snorlax used <strong>Curse</strong>!<br></div><div class="battle-history"><small>The opposing Snorlax's Speed fell!</small><br></div><div class="battle-history"><small>The opposing Snorlax's Attack rose!</small><br></div><div class="battle-history"><small>The opposing Snorlax's Defense rose!</small><br></div><div class="spacer battle-history"><br></div><div class="battle-history"><small>The opposing Snorlax restored a little HP using its Leftovers!</small><br></div><div class="spacer battle-history"><br></div><h2 class="battle-history">Turn 39</h2><div class="chat message-error">Lavos has 45 seconds left.</div><div class="spacer battle-history"><br></div><div class="battle-history">Communion used <strong>Curse</strong>!<br></div><div class="battle-history"><small>Communion's Speed fell!</small><br></div><div class="battle-history"><small>Communion's Attack rose!</small><br></div><div class="battle-history"><small>Communion's Defense rose!</small><br></div><div class="spacer battle-history"><br></div><div class="battle-history">The opposing Snorlax used <strong>Body Slam</strong>!<br></div><div class="battle-history"><small>(Communion lost 25% of its health!)</small><br></div><div class="spacer battle-history"><br></div><div class="battle-history"><small>Communion restored a little HP using its Leftovers!</small><br></div><div class="battle-history"><small>The opposing Snorlax restored a little HP using its Leftovers!</small><br></div><div class="spacer battle-history"><br></div><h2 class="battle-history">Turn 40</h2><div class="spacer battle-history"><br></div><div class="battle-history">Communion used <strong>Body Slam</strong>!<br></div><div class="battle-history"><small>(The opposing Snorlax lost 25% of its health!)</small><br></div><div class="spacer battle-history"><br></div><div class="battle-history">The opposing Snorlax used <strong>Curse</strong>!<br></div><div class="battle-history"><small>The opposing Snorlax's Speed fell!</small><br></div><div class="battle-history"><small>The opposing Snorlax's Attack rose!</small><br></div><div class="battle-history"><small>The opposing Snorlax's Defense rose!</small><br></div><div class="spacer battle-history"><br></div><div class="battle-history"><small>Communion restored a little HP using its Leftovers!</small><br></div><div class="battle-history"><small>The opposing Snorlax restored a little HP using its Leftovers!</small><br></div><div class="spacer battle-history"><br></div><h2 class="battle-history">Turn 41</h2><div class="chat message-error">giara has 105 seconds left.</div><div class="spacer battle-history"><br></div><div class="battle-history">Communion used <strong>Curse</strong>!<br></div><div class="battle-history"><small>Communion's Speed fell!</small><br></div><div class="battle-history"><small>Communion's Attack rose!</small><br></div><div class="battle-history"><small>Communion's Defense rose!</small><br></div><div class="spacer battle-history"><br></div><div class="battle-history">The opposing Snorlax used <strong>Self-Destruct</strong>!<br></div><div class="battle-history"><small>(Communion lost 87% of its health!)</small><br></div><div class="spacer battle-history"><br></div><div class="battle-history">Communion fainted!<br></div><div class="battle-history">The opposing Snorlax fainted!<br></div><div class="chat message-error">giara has 105 seconds left.</div><div class="chat message-error">Lavos has 45 seconds left.</div><div class="spacer battle-history"><br></div><div class="battle-history">Go! Sangreal (<strong>Machamp</strong>)!<br></div><div class="spacer battle-history"><br></div><div class="battle-history">giara sent out <strong>Steelix</strong>!<br></div><div class="spacer battle-history"><br></div><div class="battle-history"><small>The opposing Steelix restored a little HP using its Leftovers!</small><br></div><div class="spacer battle-history"><br></div><h2 class="battle-history">Turn 42</h2><div class="chat message-error">Lavos has 45 seconds left.</div><div class="chat message-error">giara has 105 seconds left.</div><div class="spacer battle-history"><br></div><div class="battle-history">giara withdrew Steelix!<br></div><div class="battle-history">giara sent out <strong>Heracross</strong>!<br></div><div class="spacer battle-history"><br></div><div class="battle-history">Sangreal used <strong>Curse</strong>!<br></div><div class="battle-history"><small>Sangreal's Speed fell!</small><br></div><div class="battle-history"><small>Sangreal's Attack rose!</small><br></div><div class="battle-history"><small>Sangreal's Defense rose!</small><br></div><div class="spacer battle-history"><br></div><h2 class="battle-history">Turn 43</h2><div class="chat message-error">Lavos has 45 seconds left.</div><div class="chat message-error">giara has 105 seconds left.</div><div class="chat message-error">Lavos has 30 seconds left.</div><div class="spacer battle-history"><br></div><div class="battle-history">The opposing Heracross used <strong>Curse</strong>!<br></div><div class="battle-history"><small>The opposing Heracross's Speed fell!</small><br></div><div class="battle-history"><small>The opposing Heracross's Attack rose!</small><br></div><div class="battle-history"><small>The opposing Heracross's Defense rose!</small><br></div><div class="spacer battle-history"><br></div><div class="battle-history">Sangreal used <strong>Curse</strong>!<br></div><div class="battle-history"><small>Sangreal's Speed fell!</small><br></div><div class="battle-history"><small>Sangreal's Attack rose!</small><br></div><div class="battle-history"><small>Sangreal's Defense rose!</small><br></div><div class="spacer battle-history"><br></div><h2 class="battle-history">Turn 44</h2><div class="chat message-error">Lavos has 30 seconds left.</div><div class="spacer battle-history"><br></div><div class="battle-history">The opposing Heracross used <strong>Curse</strong>!<br></div><div class="battle-history"><small>The opposing Heracross's Speed fell!</small><br></div><div class="battle-history"><small>The opposing Heracross's Attack rose!</small><br></div><div class="battle-history"><small>The opposing Heracross's Defense rose!</small><br></div><div class="spacer battle-history"><br></div><div class="battle-history">Sangreal used <strong>Curse</strong>!<br></div><div class="battle-history"><small>Sangreal's Speed fell!</small><br></div><div class="battle-history"><small>Sangreal's Attack rose!</small><br></div><div class="battle-history"><small>Sangreal's Defense rose!</small><br></div><div class="spacer battle-history"><br></div><h2 class="battle-history">Turn 45</h2><div class="spacer battle-history"><br></div><div class="battle-history">The opposing Heracross used <strong>Curse</strong>!<br></div><div class="battle-history"><small>The opposing Heracross's Speed fell!</small><br></div><div class="battle-history"><small>The opposing Heracross's Attack rose!</small><br></div><div class="battle-history"><small>The opposing Heracross's Defense rose!</small><br></div><div class="spacer battle-history"><br></div><div class="battle-history">Sangreal used <strong>Rock Slide</strong>!<br></div><div class="battle-history"><small>(The opposing Heracross lost 23% of its health!)</small><br></div><div class="spacer battle-history"><br></div><div class="battle-history"><small>The opposing Heracross restored a little HP using its Leftovers!</small><br></div><div class="spacer battle-history"><br></div><h2 class="battle-history">Turn 46</h2><div class="spacer battle-history"><br></div><div class="battle-history">The opposing Heracross used <strong>Megahorn</strong>!<br></div><div class="battle-history"><small>It's not very effective...</small><br></div><div class="battle-history"><small>(Sangreal lost 22% of its health!)</small><br></div><div class="spacer battle-history"><br></div><div class="battle-history">Sangreal used <strong>Rock Slide</strong>!<br></div><div class="battle-history"><small>(The opposing Heracross lost 22% of its health!)</small><br></div><div class="spacer battle-history"><br></div><div class="battle-history"><small>The opposing Heracross restored a little HP using its Leftovers!</small><br></div><div class="battle-history"><small>Sangreal restored a little HP using its Leftovers!</small><br></div><div class="spacer battle-history"><br></div><h2 class="battle-history">Turn 47</h2><div class="chat message-error">Lavos has 45 seconds left.</div><div class="chat message-error">giara has 120 seconds left.</div><div class="chat message-error">Lavos has 30 seconds left.</div><div class="chat message-error">giara has 105 seconds left.</div><div class="spacer battle-history"><br></div><div class="battle-history">The opposing Heracross used <strong>Megahorn</strong>!<br></div><div class="battle-history"><small>It's not very effective...</small><br></div><div class="battle-history"><small>(Sangreal lost 26% of its health!)</small><br></div><div class="spacer battle-history"><br></div><div class="battle-history">Sangreal used <strong>Rock Slide</strong>!<br></div><div class="battle-history"><small>(The opposing Heracross lost 22% of its health!)</small><br></div><div class="spacer battle-history"><br></div><div class="battle-history"><small>The opposing Heracross restored a little HP using its Leftovers!</small><br></div><div class="battle-history"><small>Sangreal restored a little HP using its Leftovers!</small><br></div><div class="spacer battle-history"><br></div><h2 class="battle-history">Turn 48</h2><div class="chat message-error">giara has 105 seconds left.</div><div class="spacer battle-history"><br></div><div class="battle-history">The opposing Heracross used <strong>Megahorn</strong>!<br></div><div class="battle-history"><small>It's not very effective...</small><br></div><div class="battle-history"><small>(Sangreal lost 25% of its health!)</small><br></div><div class="spacer battle-history"><br></div><div class="battle-history">Sangreal used <strong>Cross Chop</strong>!<br></div><div class="battle-history"><small>A critical hit!</small><br></div><div class="battle-history"><small>It's not very effective...</small><br></div><div class="battle-history"><small>(The opposing Heracross lost 44% of its health!)</small><br></div><div class="spacer battle-history"><br></div><div class="battle-history"><small>The opposing Heracross restored a little HP using its Leftovers!</small><br></div><div class="battle-history"><small>Sangreal restored a little HP using its Leftovers!</small><br></div><div class="spacer battle-history"><br></div><h2 class="battle-history">Turn 49</h2><div class="spacer battle-history"><br></div><div class="battle-history">The opposing Heracross used <strong>Rest</strong>!<br></div><div class="battle-history"><small>The opposing Heracross fell asleep!</small><br></div><div class="battle-history"><small>The opposing Heracross slept and became healthy!</small><br></div><div class="spacer battle-history"><br></div><div class="battle-history">Sangreal used <strong>Cross Chop</strong>!<br></div><div class="battle-history"><small>A critical hit!</small><br></div><div class="battle-history"><small>It's not very effective...</small><br></div><div class="battle-history"><small>(The opposing Heracross lost 44% of its health!)</small><br></div><div class="spacer battle-history"><br></div><div class="battle-history"><small>The opposing Heracross restored a little HP using its Leftovers!</small><br></div><div class="battle-history"><small>Sangreal restored a little HP using its Leftovers!</small><br></div><div class="spacer battle-history"><br></div><h2 class="battle-history">Turn 50</h2><div class="chat message-error">giara has 105 seconds left.</div><div class="spacer battle-history"><br></div><div class="battle-history">The opposing Heracross is fast asleep.<br></div><div class="spacer battle-history"><br></div><div class="battle-history">The opposing Heracross used <strong>Sleep Talk</strong>!<br></div><div class="spacer battle-history"><br></div><div class="battle-history">The opposing Heracross used <strong>Curse</strong>!<br></div><div class="battle-history"><small>The opposing Heracross's Speed fell!</small><br></div><div class="battle-history"><small>The opposing Heracross's Attack rose!</small><br></div><div class="battle-history"><small>The opposing Heracross's Defense rose!</small><br></div><div class="spacer battle-history"><br></div><div class="battle-history">Sangreal used <strong>Cross Chop</strong>!<br></div><div class="battle-history"><small>It's not very effective...</small><br></div><div class="battle-history"><small>(The opposing Heracross lost 20% of its health!)</small><br></div><div class="spacer battle-history"><br></div><div class="battle-history"><small>The opposing Heracross restored a little HP using its Leftovers!</small><br></div><div class="battle-history"><small>Sangreal restored a little HP using its Leftovers!</small><br></div><div class="spacer battle-history"><br></div><h2 class="battle-history">Turn 51</h2><div class="spacer battle-history"><br></div><div class="battle-history">The opposing Heracross is fast asleep.<br></div><div class="spacer battle-history"><br></div><div class="battle-history">The opposing Heracross used <strong>Sleep Talk</strong>!<br></div><div class="spacer battle-history"><br></div><div class="battle-history">The opposing Heracross used <strong>Curse</strong>!<br></div><div class="battle-history"><small>The opposing Heracross's Speed fell!</small><br></div><div class="battle-history"><small>The opposing Heracross's Attack rose!</small><br></div><div class="battle-history"><small>The opposing Heracross's Defense rose!</small><br></div><div class="spacer battle-history"><br></div><div class="battle-history">Sangreal used <strong>Cross Chop</strong>!<br></div><div class="battle-history"><small>It's not very effective...</small><br></div><div class="battle-history"><small>(The opposing Heracross lost 16% of its health!)</small><br></div><div class="spacer battle-history"><br></div><div class="battle-history"><small>Sangreal restored a little HP using its Leftovers!</small><br></div><div class="battle-history"><small>The opposing Heracross restored a little HP using its Leftovers!</small><br></div><div class="spacer battle-history"><br></div><h2 class="battle-history">Turn 52</h2><div class="spacer battle-history"><br></div><div class="battle-history">Sangreal used <strong>Rock Slide</strong>!<br></div><div class="battle-history"><small>(The opposing Heracross lost 16% of its health!)</small><br></div><div class="battle-history"><small>The opposing Heracross woke up!</small><br></div><div class="spacer battle-history"><br></div><div class="battle-history">The opposing Heracross used <strong>Rest</strong>!<br></div><div class="battle-history"><small>The opposing Heracross fell asleep!</small><br></div><div class="battle-history"><small>The opposing Heracross slept and became healthy!</small><br></div><div class="spacer battle-history"><br></div><div class="battle-history"><small>Sangreal restored a little HP using its Leftovers!</small><br></div><div class="spacer battle-history"><br></div><h2 class="battle-history">Turn 53</h2><div class="chat message-error">giara has 120 seconds left.</div><div class="spacer battle-history"><br></div><div class="battle-history">Sangreal, come back!<br></div><div class="battle-history">Go! Babel's Gate (<strong>Skarmory</strong>)!<br></div><div class="spacer battle-history"><br></div><div class="battle-history">The opposing Heracross is fast asleep.<br></div><div class="spacer battle-history"><br></div><div class="battle-history">The opposing Heracross used <strong>Sleep Talk</strong>!<br></div><div class="spacer battle-history"><br></div><div class="battle-history">The opposing Heracross used <strong>Rest</strong>!<br></div><div class="battle-history"><small>But it failed!</small><br></div><div class="spacer battle-history"><br></div><div class="battle-history"><small>Babel's Gate restored a little HP using its Leftovers!</small><br></div><div class="spacer battle-history"><br></div><h2 class="battle-history">Turn 54</h2><div class="chat message-error">Lavos has 75 seconds left.</div><div class="chat message-error">giara has 105 seconds left.</div><div class="spacer battle-history"><br></div><div class="battle-history">giara withdrew Heracross!<br></div><div class="battle-history">giara sent out <strong>Raikou</strong>!<br></div><div class="spacer battle-history"><br></div><div class="battle-history">Babel's Gate used <strong>Whirlwind</strong>!<br></div><div class="spacer battle-history"><br></div><div class="battle-history"><strong>Steelix</strong> was dragged out!<br></div><div class="spacer battle-history"><br></div><div class="battle-history"><small>Babel's Gate restored a little HP using its Leftovers!</small><br></div><div class="battle-history"><small>The opposing Steelix restored a little HP using its Leftovers!</small><br></div><div class="spacer battle-history"><br></div><h2 class="battle-history">Turn 55</h2><div class="chat message-error">Lavos has 75 seconds left.</div><div class="chat message-error">Lavos has 60 seconds left.</div><div class="spacer battle-history"><br></div><div class="battle-history">giara withdrew Steelix!<br></div><div class="battle-history">giara sent out <strong>Raikou</strong>!<br></div><div class="spacer battle-history"><br></div><div class="battle-history">Babel's Gate used <strong>Drill Peck</strong>!<br></div><div class="battle-history"><small>It's not very effective...</small><br></div><div class="battle-history"><small>(The opposing Raikou lost 13% of its health!)</small><br></div><div class="spacer battle-history"><br></div><h2 class="battle-history">Turn 56</h2><div class="spacer battle-history"><br></div><div class="battle-history">giara withdrew Raikou!<br></div><div class="battle-history">giara sent out <strong>Steelix</strong>!<br></div><div class="spacer battle-history"><br></div><div class="battle-history">Babel's Gate, come back!<br></div><div class="battle-history">Go! Sunlight Moonlight (<strong>Raikou</strong>)!<br></div><div class="spacer battle-history"><br></div><div class="battle-history"><small>Sunlight Moonlight restored a little HP using its Leftovers!</small><br></div><div class="battle-history"><small>The opposing Steelix restored a little HP using its Leftovers!</small><br></div><div class="spacer battle-history"><br></div><h2 class="battle-history">Turn 57</h2><div class="chat message-error">Lavos has 60 seconds left.</div><div class="chat message-error">giara has 90 seconds left.</div><div class="spacer battle-history"><br></div><div class="battle-history">Sunlight Moonlight, come back!<br></div><div class="battle-history">Go! Babel's Gate (<strong>Skarmory</strong>)!<br></div><div class="spacer battle-history"><br></div><div class="battle-history">The opposing Steelix used <strong>Earthquake</strong>!<br></div><div class="battle-history"><small>It doesn't affect Babel's Gate...</small><br></div><div class="spacer battle-history"><br></div><div class="battle-history"><small>The opposing Steelix restored a little HP using its Leftovers!</small><br></div><div class="spacer battle-history"><br></div><h2 class="battle-history">Turn 58</h2><div class="chat message-error">giara has 90 seconds left.</div><div class="spacer battle-history"><br></div><div class="battle-history">Babel's Gate, come back!<br></div><div class="battle-history">Go! Sangreal (<strong>Machamp</strong>)!<br></div><div class="spacer battle-history"><br></div><div class="battle-history">The opposing Steelix used <strong>Roar</strong>!<br></div><div class="spacer battle-history"><br></div><div class="battle-history">Sunlight Moonlight (<strong>Raikou</strong>) was dragged out!<br></div><div class="spacer battle-history"><br></div><div class="battle-history"><small>Sunlight Moonlight restored a little HP using its Leftovers!</small><br></div><div class="battle-history"><small>The opposing Steelix restored a little HP using its Leftovers!</small><br></div><div class="spacer battle-history"><br></div><h2 class="battle-history">Turn 59</h2><div class="chat message-error">Lavos has 60 seconds left.</div><div class="chat message-error">giara has 75 seconds left.</div><div class="spacer battle-history"><br></div><div class="battle-history"><small>Sunlight Moonlight woke up!</small><br></div><div class="spacer battle-history"><br></div><div class="battle-history">Sunlight Moonlight used <strong>Hidden Power</strong>!<br></div><div class="battle-history"><small>(The opposing Steelix lost 23% of its health!)</small><br></div><div class="spacer battle-history"><br></div><div class="battle-history">The opposing Steelix used <strong>Earthquake</strong>!<br></div><div class="battle-history"><small>It's super effective!</small><br></div><div class="battle-history"><small>(Sunlight Moonlight lost 66% of its health!)</small><br></div><div class="spacer battle-history"><br></div><div class="battle-history"><small>Sunlight Moonlight restored a little HP using its Leftovers!</small><br></div><div class="battle-history"><small>The opposing Steelix restored a little HP using its Leftovers!</small><br></div><div class="spacer battle-history"><br></div><h2 class="battle-history">Turn 60</h2><div class="chat message-error">giara has 75 seconds left.</div><div class="spacer battle-history"><br></div><div class="battle-history">Sunlight Moonlight, come back!<br></div><div class="battle-history">Go! Babel's Gate (<strong>Skarmory</strong>)!<br></div><div class="spacer battle-history"><br></div><div class="battle-history">The opposing Steelix used <strong>Earthquake</strong>!<br></div><div class="battle-history"><small>It doesn't affect Babel's Gate...</small><br></div><div class="spacer battle-history"><br></div><div class="battle-history"><small>The opposing Steelix restored a little HP using its Leftovers!</small><br></div><div class="spacer battle-history"><br></div><h2 class="battle-history">Turn 61</h2><div class="spacer battle-history"><br></div><div class="battle-history">Babel's Gate used <strong>Drill Peck</strong>!<br></div><div class="battle-history"><small>It's not very effective...</small><br></div><div class="battle-history"><small>(The opposing Steelix lost 6% of its health!)</small><br></div><div class="spacer battle-history"><br></div><div class="battle-history">The opposing Steelix used <strong>Roar</strong>!<br></div><div class="spacer battle-history"><br></div><div class="battle-history">Sunlight Moonlight (<strong>Raikou</strong>) was dragged out!<br></div><div class="spacer battle-history"><br></div><div class="battle-history"><small>Sunlight Moonlight restored a little HP using its Leftovers!</small><br></div><div class="battle-history"><small>The opposing Steelix restored a little HP using its Leftovers!</small><br></div><div class="spacer battle-history"><br></div><h2 class="battle-history">Turn 62</h2><div class="spacer battle-history"><br></div><div class="battle-history">Sunlight Moonlight, come back!<br></div><div class="battle-history">Go! Babel's Gate (<strong>Skarmory</strong>)!<br></div><div class="spacer battle-history"><br></div><div class="battle-history">The opposing Steelix used <strong>Curse</strong>!<br></div><div class="battle-history"><small>The opposing Steelix's Speed fell!</small><br></div><div class="battle-history"><small>The opposing Steelix's Attack rose!</small><br></div><div class="battle-history"><small>The opposing Steelix's Defense rose!</small><br></div><div class="spacer battle-history"><br></div><div class="battle-history"><small>The opposing Steelix restored a little HP using its Leftovers!</small><br></div><div class="spacer battle-history"><br></div><h2 class="battle-history">Turn 63</h2><div class="spacer battle-history"><br></div><div class="battle-history">Babel's Gate used <strong>Drill Peck</strong>!<br></div><div class="battle-history"><small>It's not very effective...</small><br></div><div class="battle-history"><small>(The opposing Steelix lost 5% of its health!)</small><br></div><div class="spacer battle-history"><br></div><div class="battle-history">The opposing Steelix used <strong>Roar</strong>!<br></div><div class="spacer battle-history"><br></div><div class="battle-history">Sunlight Moonlight (<strong>Raikou</strong>) was dragged out!<br></div><div class="spacer battle-history"><br></div><div class="battle-history"><small>Sunlight Moonlight restored a little HP using its Leftovers!</small><br></div><div class="battle-history"><small>The opposing Steelix restored a little HP using its Leftovers!</small><br></div><div class="spacer battle-history"><br></div><h2 class="battle-history">Turn 64</h2><div class="chat message-error">Lavos has 90 seconds left.</div><div class="spacer battle-history"><br></div><div class="battle-history">Sunlight Moonlight, come back!<br></div><div class="battle-history">Go! Babel's Gate (<strong>Skarmory</strong>)!<br></div><div class="spacer battle-history"><br></div><div class="battle-history">The opposing Steelix used <strong>Curse</strong>!<br></div><div class="battle-history"><small>The opposing Steelix's Speed fell!</small><br></div><div class="battle-history"><small>The opposing Steelix's Attack rose!</small><br></div><div class="battle-history"><small>The opposing Steelix's Defense rose!</small><br></div><div class="spacer battle-history"><br></div><div class="battle-history"><small>The opposing Steelix restored a little HP using its Leftovers!</small><br></div><div class="spacer battle-history"><br></div><h2 class="battle-history">Turn 65</h2><div class="spacer battle-history"><br></div><div class="battle-history">Babel's Gate used <strong>Drill Peck</strong>!<br></div><div class="battle-history"><small>It's not very effective...</small><br></div><div class="battle-history"><small>(The opposing Steelix lost 3% of its health!)</small><br></div><div class="spacer battle-history"><br></div><div class="battle-history">The opposing Steelix used <strong>Roar</strong>!<br></div><div class="spacer battle-history"><br></div><div class="battle-history">Sunlight Moonlight (<strong>Raikou</strong>) was dragged out!<br></div><div class="spacer battle-history"><br></div><div class="battle-history"><small>Sunlight Moonlight restored a little HP using its Leftovers!</small><br></div><div class="battle-history"><small>The opposing Steelix restored a little HP using its Leftovers!</small><br></div><div class="spacer battle-history"><br></div><h2 class="battle-history">Turn 66</h2><div class="chat message-error">Lavos has 105 seconds left.</div><div class="spacer battle-history"><br></div><div class="battle-history">Sunlight Moonlight, come back!<br></div><div class="battle-history">Go! Babel's Gate (<strong>Skarmory</strong>)!<br></div><div class="spacer battle-history"><br></div><div class="battle-history">The opposing Steelix used <strong>Curse</strong>!<br></div><div class="battle-history"><small>The opposing Steelix's Speed fell!</small><br></div><div class="battle-history"><small>The opposing Steelix's Attack rose!</small><br></div><div class="battle-history"><small>The opposing Steelix's Defense rose!</small><br></div><div class="spacer battle-history"><br></div><div class="battle-history"><small>The opposing Steelix restored a little HP using its Leftovers!</small><br></div><div class="spacer battle-history"><br></div><h2 class="battle-history">Turn 67</h2><div class="spacer battle-history"><br></div><div class="battle-history">Babel's Gate used <strong>Whirlwind</strong>!<br></div><div class="battle-history"><small>But it failed!</small><br></div><div class="spacer battle-history"><br></div><div class="battle-history">The opposing Steelix used <strong>Roar</strong>!<br></div><div class="spacer battle-history"><br></div><div class="battle-history">Sangreal (<strong>Machamp</strong>) was dragged out!<br></div><div class="spacer battle-history"><br></div><div class="battle-history"><small>Sangreal restored a little HP using its Leftovers!</small><br></div><div class="battle-history"><small>The opposing Steelix restored a little HP using its Leftovers!</small><br></div><div class="spacer battle-history"><br></div><h2 class="battle-history">Turn 68</h2><div class="chat message-error">Lavos has 120 seconds left.</div><div class="chat message-error">Lavos has 105 seconds left.</div><div class="spacer battle-history"><br></div><div class="battle-history">Sangreal, come back!<br></div><div class="battle-history">Go! Babel's Gate (<strong>Skarmory</strong>)!<br></div><div class="spacer battle-history"><br></div><div class="battle-history">The opposing Steelix used <strong>Earthquake</strong>!<br></div><div class="battle-history"><small>It doesn't affect Babel's Gate...</small><br></div><div class="spacer battle-history"><br></div><div class="battle-history"><small>The opposing Steelix restored a little HP using its Leftovers!</small><br></div><div class="spacer battle-history"><br></div><h2 class="battle-history">Turn 69</h2><div class="spacer battle-history"><br></div><div class="battle-history">Babel's Gate used <strong>Whirlwind</strong>!<br></div><div class="battle-history"><small>But it failed!</small><br></div><div class="spacer battle-history"><br></div><div class="battle-history">The opposing Steelix used <strong>Roar</strong>!<br></div><div class="spacer battle-history"><br></div><div class="battle-history">Sangreal (<strong>Machamp</strong>) was dragged out!<br></div><div class="spacer battle-history"><br></div><div class="battle-history"><small>Sangreal restored a little HP using its Leftovers!</small><br></div><div class="battle-history"><small>The opposing Steelix restored a little HP using its Leftovers!</small><br></div><div class="spacer battle-history"><br></div><h2 class="battle-history">Turn 70</h2><div class="chat message-error">giara has 120 seconds left.</div><div class="spacer battle-history"><br></div><div class="battle-history">Sangreal, come back!<br></div><div class="battle-history">Go! Babel's Gate (<strong>Skarmory</strong>)!<br></div><div class="spacer battle-history"><br></div><div class="battle-history">The opposing Steelix used <strong>Earthquake</strong>!<br></div><div class="battle-history"><small>It doesn't affect Babel's Gate...</small><br></div><div class="spacer battle-history"><br></div><div class="battle-history"><small>The opposing Steelix restored a little HP using its Leftovers!</small><br></div><div class="spacer battle-history"><br></div><h2 class="battle-history">Turn 71</h2><div class="chat message-error">Lavos has 120 seconds left.</div><div class="spacer battle-history"><br></div><div class="battle-history">Babel's Gate used <strong>Whirlwind</strong>!<br></div><div class="battle-history"><small>But it failed!</small><br></div><div class="spacer battle-history"><br></div><div class="battle-history">The opposing Steelix used <strong>Roar</strong>!<br></div><div class="spacer battle-history"><br></div><div class="battle-history">Sunlight Moonlight (<strong>Raikou</strong>) was dragged out!<br></div><div class="spacer battle-history"><br></div><div class="battle-history"><small>Sunlight Moonlight restored a little HP using its Leftovers!</small><br></div><div class="battle-history"><small>The opposing Steelix restored a little HP using its Leftovers!</small><br></div><div class="spacer battle-history"><br></div><h2 class="battle-history">Turn 72</h2><div class="spacer battle-history"><br></div><div class="battle-history">Sunlight Moonlight, come back!<br></div><div class="battle-history">Go! Babel's Gate (<strong>Skarmory</strong>)!<br></div><div class="spacer battle-history"><br></div><div class="battle-history">The opposing Steelix used <strong>Curse</strong>!<br></div><div class="battle-history"><small>The opposing Steelix's Speed fell!</small><br></div><div class="battle-history"><small>The opposing Steelix's Attack rose!</small><br></div><div class="battle-history"><small>The opposing Steelix's Defense rose!</small><br></div><div class="spacer battle-history"><br></div><h2 class="battle-history">Turn 73</h2><div class="chat message-error">giara has 135 seconds left.</div><div class="chat message-error">Lavos has 120 seconds left.</div><div class="spacer battle-history"><br></div><div class="battle-history">Babel's Gate used <strong>Whirlwind</strong>!<br></div><div class="battle-history"><small>But it failed!</small><br></div><div class="spacer battle-history"><br></div><div class="battle-history">The opposing Steelix used <strong>Roar</strong>!<br></div><div class="spacer battle-history"><br></div><div class="battle-history">Sunlight Moonlight (<strong>Raikou</strong>) was dragged out!<br></div><div class="spacer battle-history"><br></div><div class="battle-history"><small>Sunlight Moonlight restored a little HP using its Leftovers!</small><br></div><div class="spacer battle-history"><br></div><h2 class="battle-history">Turn 74</h2><div class="chat message-error">giara has 135 seconds left.</div><div class="spacer battle-history"><br></div><div class="battle-history">Sunlight Moonlight, come back!<br></div><div class="battle-history">Go! Babel's Gate (<strong>Skarmory</strong>)!<br></div><div class="spacer battle-history"><br></div><div class="battle-history">The opposing Steelix used <strong>Explosion</strong>!<br></div><div class="battle-history"><small>It's not very effective...</small><br></div><div class="battle-history"><small>(Babel's Gate lost 100% of its health!)</small><br></div><div class="spacer battle-history"><br></div><div class="battle-history">Babel's Gate fainted!<br></div><div class="battle-history">The opposing Steelix fainted!<br></div><div class="chat message-error">giara has 135 seconds left.</div><div class="chat message-error">Lavos has 120 seconds left.</div><div class="spacer battle-history"><br></div><div class="battle-history">Go! Sunlight Moonlight (<strong>Raikou</strong>)!<br></div><div class="spacer battle-history"><br></div><div class="battle-history">giara sent out <strong>Heracross</strong>!<br></div><div class="spacer battle-history"><br></div><div class="battle-history"><small>Sunlight Moonlight restored a little HP using its Leftovers!</small><br></div><div class="spacer battle-history"><br></div><h2 class="battle-history">Turn 75</h2><div class="chat message-error">giara has 135 seconds left.</div><div class="chat message-error">giara has 120 seconds left.</div><div class="spacer battle-history"><br></div><div class="battle-history">giara withdrew Heracross!<br></div><div class="battle-history">giara sent out <strong>Raikou</strong>!<br></div><div class="spacer battle-history"><br></div><div class="battle-history">Sunlight Moonlight used <strong>Thunder</strong>!<br></div><div class="battle-history"><small>It's not very effective...</small><br></div><div class="battle-history"><small>(The opposing Raikou lost 18% of its health!)</small><br></div><div class="spacer battle-history"><br></div><div class="battle-history"><small>Sunlight Moonlight restored a little HP using its Leftovers!</small><br></div><div class="spacer battle-history"><br></div><h2 class="battle-history">Turn 76</h2><div class="chat message-error">Lavos has 135 seconds left.</div><div class="chat message-error">giara has 120 seconds left.</div><div class="spacer battle-history"><br></div><div class="battle-history">The opposing Raikou used <strong>Rest</strong>!<br></div><div class="battle-history"><small>The opposing Raikou fell asleep!</small><br></div><div class="battle-history"><small>The opposing Raikou slept and became healthy!</small><br></div><div class="spacer battle-history"><br></div><div class="battle-history">Sunlight Moonlight used <strong>Thunder</strong>!<br></div><div class="battle-history"><small>It's not very effective...</small><br></div><div class="battle-history"><small>(The opposing Raikou lost 19% of its health!)</small><br></div><div class="spacer battle-history"><br></div><div class="battle-history"><small>Sunlight Moonlight restored a little HP using its Leftovers!</small><br></div><div class="spacer battle-history"><br></div><h2 class="battle-history">Turn 77</h2><div class="spacer battle-history"><br></div><div class="battle-history">The opposing Raikou is fast asleep.<br></div><div class="spacer battle-history"><br></div><div class="battle-history">The opposing Raikou used <strong>Sleep Talk</strong>!<br></div><div class="spacer battle-history"><br></div><div class="battle-history">The opposing Raikou used <strong>Thunder</strong>!<br></div><div class="battle-history"><small>It's not very effective...</small><br></div><div class="battle-history"><small>(Sunlight Moonlight lost 21% of its health!)</small><br></div><div class="spacer battle-history"><br></div><div class="battle-history">Sunlight Moonlight used <strong>Hidden Power</strong>!<br></div><div class="battle-history"><small>(The opposing Raikou lost 15% of its health!)</small><br></div><div class="spacer battle-history"><br></div><div class="battle-history"><small>Sunlight Moonlight restored a little HP using its Leftovers!</small><br></div><div class="spacer battle-history"><br></div><h2 class="battle-history">Turn 78</h2><div class="spacer battle-history"><br></div><div class="battle-history">Sunlight Moonlight used <strong>Hidden Power</strong>!<br></div><div class="battle-history"><small>(The opposing Raikou lost 16% of its health!)</small><br></div><div class="spacer battle-history"><br></div><div class="battle-history">The opposing Raikou is fast asleep.<br></div><div class="spacer battle-history"><br></div><div class="battle-history">The opposing Raikou used <strong>Sleep Talk</strong>!<br></div><div class="spacer battle-history"><br></div><div class="battle-history">The opposing Raikou used <strong>Thunder</strong>!<br></div><div class="battle-history"><small>It's not very effective...</small><br></div><div class="battle-history"><small>(Sunlight Moonlight lost 20% of its health!)</small><br></div><div class="battle-history"><small>Sunlight Moonlight is paralyzed! It may be unable to move!</small><br></div><div class="spacer battle-history"><br></div><div class="battle-history"><small>Sunlight Moonlight restored a little HP using its Leftovers!</small><br></div><div class="spacer battle-history"><br></div><h2 class="battle-history">Turn 79</h2><div class="chat message-error">giara has 135 seconds left.</div><div class="spacer battle-history"><br></div><div class="battle-history">giara withdrew Raikou!<br></div><div class="battle-history">giara sent out <strong>Heracross</strong>!<br></div><div class="spacer battle-history"><br></div><div class="battle-history">Sunlight Moonlight is paralyzed! It can't move!<br></div><div class="spacer battle-history"><br></div><div class="battle-history"><small>Sunlight Moonlight restored a little HP using its Leftovers!</small><br></div><div class="spacer battle-history"><br></div><h2 class="battle-history">Turn 80</h2><div class="chat message-error">Lavos has 150 seconds left.</div><div class="spacer battle-history"><br></div><div class="battle-history">Sunlight Moonlight, come back!<br></div><div class="battle-history">Go! Sangreal (<strong>Machamp</strong>)!<br></div><div class="spacer battle-history"><br></div><div class="battle-history">The opposing Heracross is fast asleep.<br></div><div class="spacer battle-history"><br></div><div class="battle-history">The opposing Heracross used <strong>Sleep Talk</strong>!<br></div><div class="spacer battle-history"><br></div><div class="battle-history">The opposing Heracross used <strong>Curse</strong>!<br></div><div class="battle-history"><small>The opposing Heracross's Speed fell!</small><br></div><div class="battle-history"><small>The opposing Heracross's Attack rose!</small><br></div><div class="battle-history"><small>The opposing Heracross's Defense rose!</small><br></div><div class="spacer battle-history"><br></div><div class="battle-history"><small>Sangreal restored a little HP using its Leftovers!</small><br></div><div class="spacer battle-history"><br></div><h2 class="battle-history">Turn 81</h2><div class="chat message-error">giara has 135 seconds left.</div><div class="spacer battle-history"><br></div><div class="battle-history">Sangreal used <strong>Curse</strong>!<br></div><div class="battle-history"><small>Sangreal's Speed fell!</small><br></div><div class="battle-history"><small>Sangreal's Attack rose!</small><br></div><div class="battle-history"><small>Sangreal's Defense rose!</small><br></div><div class="battle-history"><small>The opposing Heracross woke up!</small><br></div><div class="spacer battle-history"><br></div><div class="battle-history">The opposing Heracross used <strong>Megahorn</strong>!<br></div><div class="battle-history"><small>A critical hit!</small><br></div><div class="battle-history"><small>It's not very effective...</small><br></div><div class="battle-history"><small>(Sangreal lost 51% of its health!)</small><br></div><div class="spacer battle-history"><br></div><div class="battle-history"><small>Sangreal restored a little HP using its Leftovers!</small><br></div><div class="spacer battle-history"><br></div><h2 class="battle-history">Turn 82</h2><div class="chat message-error">giara has 135 seconds left.</div><div class="spacer battle-history"><br></div><div class="battle-history">The opposing Heracross used <strong>Megahorn</strong>!<br></div><div class="battle-history"><small>The opposing Heracross's attack missed!</small><br></div><div class="spacer battle-history"><br></div><div class="battle-history">Sangreal used <strong>Cross Chop</strong>!<br></div><div class="battle-history"><small>A critical hit!</small><br></div><div class="battle-history"><small>It's not very effective...</small><br></div><div class="battle-history"><small>(The opposing Heracross lost 43% of its health!)</small><br></div><div class="spacer battle-history"><br></div><div class="battle-history"><small>The opposing Heracross restored a little HP using its Leftovers!</small><br></div><div class="battle-history"><small>Sangreal restored a little HP using its Leftovers!</small><br></div><div class="spacer battle-history"><br></div><h2 class="battle-history">Turn 83</h2><div class="chat message-error">Lavos has 165 seconds left.</div><div class="chat message-error">giara has 135 seconds left.</div><div class="spacer battle-history"><br></div><div class="battle-history">The opposing Heracross used <strong>Megahorn</strong>!<br></div><div class="battle-history"><small>The opposing Heracross's attack missed!</small><br></div><div class="spacer battle-history"><br></div><div class="battle-history">Sangreal used <strong>Rock Slide</strong>!<br></div><div class="battle-history"><small>(The opposing Heracross lost 22% of its health!)</small><br></div><div class="spacer battle-history"><br></div><div class="battle-history"><small>The opposing Heracross restored a little HP using its Leftovers!</small><br></div><div class="battle-history"><small>Sangreal restored a little HP using its Leftovers!</small><br></div><div class="spacer battle-history"><br></div><h2 class="battle-history">Turn 84</h2><div class="chat message-error">Lavos has 165 seconds left.</div><div class="chat message-error">giara has 120 seconds left.</div><div class="spacer battle-history"><br></div><div class="battle-history">The opposing Heracross used <strong>Megahorn</strong>!<br></div><div class="battle-history"><small>It's not very effective...</small><br></div><div class="battle-history"><small>(Sangreal lost 24% of its health!)</small><br></div><div class="spacer battle-history"><br></div><div class="battle-history">Sangreal used <strong>Curse</strong>!<br></div><div class="battle-history"><small>Sangreal's Speed fell!</small><br></div><div class="battle-history"><small>Sangreal's Attack rose!</small><br></div><div class="battle-history"><small>Sangreal's Defense rose!</small><br></div><div class="spacer battle-history"><br></div><div class="battle-history"><small>The opposing Heracross restored a little HP using its Leftovers!</small><br></div><div class="battle-history"><small>Sangreal restored a little HP using its Leftovers!</small><br></div><div class="spacer battle-history"><br></div><h2 class="battle-history">Turn 85</h2><div class="spacer battle-history"><br></div><div class="battle-history">The opposing Heracross used <strong>Curse</strong>!<br></div><div class="battle-history"><small>The opposing Heracross's Speed fell!</small><br></div><div class="battle-history"><small>The opposing Heracross's Attack rose!</small><br></div><div class="battle-history"><small>The opposing Heracross's Defense rose!</small><br></div><div class="spacer battle-history"><br></div><div class="battle-history">Sangreal used <strong>Cross Chop</strong>!<br></div><div class="battle-history"><small>It's not very effective...</small><br></div><div class="battle-history"><small>(The opposing Heracross lost 23% of its health!)</small><br></div><div class="spacer battle-history"><br></div><div class="battle-history"><small>The opposing Heracross restored a little HP using its Leftovers!</small><br></div><div class="battle-history"><small>Sangreal restored a little HP using its Leftovers!</small><br></div><div class="spacer battle-history"><br></div><h2 class="battle-history">Turn 86</h2><div class="chat message-error">giara has 135 seconds left.</div><div class="chat message-error">Lavos has 165 seconds left.</div><div class="chat message-error">giara has 120 seconds left.</div><div class="chat message-error">giara has 105 seconds left.</div><div class="spacer battle-history"><br></div><div class="battle-history">The opposing Heracross used <strong>Rest</strong>!<br></div><div class="battle-history"><small>The opposing Heracross fell asleep!</small><br></div><div class="battle-history"><small>The opposing Heracross slept and became healthy!</small><br></div><div class="spacer battle-history"><br></div><div class="battle-history">Sangreal used <strong>Curse</strong>!<br></div><div class="battle-history"><small>Sangreal's Speed fell!</small><br></div><div class="battle-history"><small>Sangreal's Attack rose!</small><br></div><div class="battle-history"><small>Sangreal's Defense rose!</small><br></div><div class="spacer battle-history"><br></div><div class="battle-history"><small>Sangreal restored a little HP using its Leftovers!</small><br></div><div class="spacer battle-history"><br></div><h2 class="battle-history">Turn 87</h2><div class="chat message-error">Lavos has 165 seconds left.</div><div class="chat message-error">Lavos has 150 seconds left.</div><div class="chat message-error">Lavos has 135 seconds left.</div><div class="spacer battle-history"><br></div><div class="battle-history">The opposing Heracross is fast asleep.<br></div><div class="spacer battle-history"><br></div><div class="battle-history">The opposing Heracross used <strong>Sleep Talk</strong>!<br></div><div class="spacer battle-history"><br></div><div class="battle-history">The opposing Heracross used <strong>Curse</strong>!<br></div><div class="battle-history"><small>The opposing Heracross's Speed fell!</small><br></div><div class="battle-history"><small>The opposing Heracross's Attack rose!</small><br></div><div class="battle-history"><small>The opposing Heracross's Defense rose!</small><br></div><div class="spacer battle-history"><br></div><div class="battle-history">Sangreal used <strong>Curse</strong>!<br></div><div class="battle-history"><small>Sangreal's Speed fell!</small><br></div><div class="battle-history"><small>Sangreal's Attack rose!</small><br></div><div class="battle-history"><small>Sangreal's Defense rose!</small><br></div><div class="spacer battle-history"><br></div><div class="battle-history"><small>Sangreal restored a little HP using its Leftovers!</small><br></div><div class="spacer battle-history"><br></div><h2 class="battle-history">Turn 88</h2><div class="chat message-error">giara has 120 seconds left.</div><div class="spacer battle-history"><br></div><div class="battle-history">The opposing Heracross is fast asleep.<br></div><div class="spacer battle-history"><br></div><div class="battle-history">The opposing Heracross used <strong>Sleep Talk</strong>!<br></div><div class="spacer battle-history"><br></div><div class="battle-history">The opposing Heracross used <strong>Rest</strong>!<br></div><div class="battle-history"><small>But it failed!</small><br></div><div class="spacer battle-history"><br></div><div class="battle-history">Sangreal used <strong>Rock Slide</strong>!<br></div><div class="battle-history"><small>(The opposing Heracross lost 25% of its health!)</small><br></div><div class="spacer battle-history"><br></div><div class="battle-history"><small>The opposing Heracross restored a little HP using its Leftovers!</small><br></div><div class="battle-history"><small>Sangreal restored a little HP using its Leftovers!</small><br></div><div class="spacer battle-history"><br></div><h2 class="battle-history">Turn 89</h2><div class="spacer battle-history"><br></div><div class="battle-history"><small>The opposing Heracross woke up!</small><br></div><div class="spacer battle-history"><br></div><div class="battle-history">The opposing Heracross used <strong>Curse</strong>!<br></div><div class="battle-history"><small>The opposing Heracross's Speed fell!</small><br></div><div class="battle-history"><small>The opposing Heracross's Attack rose!</small><br></div><div class="battle-history"><small>The opposing Heracross's Defense rose!</small><br></div><div class="spacer battle-history"><br></div><div class="battle-history">Sangreal used <strong>Rock Slide</strong>!<br></div><div class="battle-history"><small>Sangreal's attack missed!</small><br></div><div class="spacer battle-history"><br></div><div class="battle-history"><small>The opposing Heracross restored a little HP using its Leftovers!</small><br></div><div class="battle-history"><small>Sangreal restored a little HP using its Leftovers!</small><br></div><div class="spacer battle-history"><br></div><h2 class="battle-history">Turn 90</h2><div class="spacer battle-history"><br></div><div class="battle-history">The opposing Heracross used <strong>Megahorn</strong>!<br></div><div class="battle-history"><small>It's not very effective...</small><br></div><div class="battle-history"><small>(Sangreal lost 24% of its health!)</small><br></div><div class="spacer battle-history"><br></div><div class="battle-history">Sangreal used <strong>Rock Slide</strong>!<br></div><div class="battle-history"><small>(The opposing Heracross lost 24% of its health!)</small><br></div><div class="spacer battle-history"><br></div><div class="battle-history"><small>The opposing Heracross restored a little HP using its Leftovers!</small><br></div><div class="battle-history"><small>Sangreal restored a little HP using its Leftovers!</small><br></div><div class="spacer battle-history"><br></div><h2 class="battle-history">Turn 91</h2><div class="chat message-error">Lavos has 165 seconds left.</div><div class="chat message-error">Lavos has 150 seconds left.</div><div class="spacer battle-history"><br></div><div class="battle-history">The opposing Heracross used <strong>Megahorn</strong>!<br></div><div class="battle-history"><small>It's not very effective...</small><br></div><div class="battle-history"><small>(Sangreal lost 23% of its health!)</small><br></div><div class="spacer battle-history"><br></div><div class="battle-history">Sangreal used <strong>Rock Slide</strong>!<br></div><div class="battle-history"><small>(The opposing Heracross lost 20% of its health!)</small><br></div><div class="spacer battle-history"><br></div><div class="battle-history"><small>The opposing Heracross restored a little HP using its Leftovers!</small><br></div><div class="battle-history"><small>Sangreal restored a little HP using its Leftovers!</small><br></div><div class="spacer battle-history"><br></div><h2 class="battle-history">Turn 92</h2><div class="chat message-error">Lavos has 150 seconds left.</div><div class="chat message-error">giara has 135 seconds left.</div><div class="chat message-error">giara has 120 seconds left.</div><div class="spacer battle-history"><br></div><div class="battle-history">The opposing Heracross used <strong>Megahorn</strong>!<br></div><div class="battle-history"><small>It's not very effective...</small><br></div><div class="battle-history"><small>(Sangreal lost 22% of its health!)</small><br></div><div class="spacer battle-history"><br></div><div class="battle-history">Sangreal used <strong>Cross Chop</strong>!<br></div><div class="battle-history"><small>It's not very effective...</small><br></div><div class="battle-history"><small>(The opposing Heracross lost 22% of its health!)</small><br></div><div class="spacer battle-history"><br></div><div class="battle-history"><small>The opposing Heracross restored a little HP using its Leftovers!</small><br></div><div class="battle-history"><small>Sangreal restored a little HP using its Leftovers!</small><br></div><div class="spacer battle-history"><br></div><h2 class="battle-history">Turn 93</h2><div class="chat message-error">Lavos has 150 seconds left.</div><div class="chat message-error">giara has 120 seconds left.</div><div class="spacer battle-history"><br></div><div class="battle-history">The opposing Heracross used <strong>Megahorn</strong>!<br></div><div class="battle-history"><small>A critical hit!</small><br></div><div class="battle-history"><small>It's not very effective...</small><br></div><div class="battle-history"><small>(Sangreal lost 15% of its health!)</small><br></div><div class="spacer battle-history"><br></div><div class="battle-history">Sangreal fainted!<br></div><div class="spacer battle-history"><br></div><div class="battle-history">Go! Sunlight Moonlight (<strong>Raikou</strong>)!<br></div><div class="spacer battle-history"><br></div><div class="battle-history"><small>The opposing Heracross restored a little HP using its Leftovers!</small><br></div><div class="battle-history"><small>Sunlight Moonlight restored a little HP using its Leftovers!</small><br></div><div class="spacer battle-history"><br></div><h2 class="battle-history">Turn 94</h2><div class="chat message-error">Lavos has 165 seconds left.</div><div class="chat message-error">giara has 120 seconds left.</div><div class="spacer battle-history"><br></div><div class="battle-history">The opposing Heracross used <strong>Megahorn</strong>!<br></div><div class="battle-history"><small>(Sunlight Moonlight lost 57% of its health!)</small><br></div><div class="spacer battle-history"><br></div><div class="battle-history">Sunlight Moonlight fainted!<br></div><div class="spacer battle-history"><br></div><div class="battle-history"><strong>giara</strong> won the battle!<br></div><div class="chat chatmessage-lavos"><strong style="color:#489e0e"><small>☆</small><span class="username" data-name="Lavos">Lavos</span>:</strong> <em>gg</em></div><div class="chat chatmessage-giara"><strong style="color:#c43694"><small>☆</small><span class="username" data-name="giara">giara</span>:</strong> <em>gg</em></div></div><div class="inner-preempt"></div></div></div>
</div>
<script>
let daily = Math.floor(Date.now()/1000/60/60/24);document.write('<script src="https://play.pokemonshowdown.com/js/replay-embed.js?version'+daily+'"></'+'script>');
</script>
