<!DOCTYPE html>
<meta charset="utf-8" />
<!-- version 1 -->
<title>[Gen 2] OU replay: Melle2402 vs. Earthworm</title>
<style>
html,body {font-family:Verdana, sans-serif;font-size:10pt;margin:0;padding:0;}body{padding:12px 0;} .battle-log {font-family:Verdana, sans-serif;font-size:10pt;} .battle-log-inline {border:1px solid #AAAAAA;background:#EEF2F5;color:black;max-width:640px;margin:0 auto 80px;padding-bottom:5px;} .battle-log .inner {padding:4px 8px 0px 8px;} .battle-log .inner-preempt {padding:0 8px 4px 8px;} .battle-log .inner-after {margin-top:0.5em;} .battle-log h2 {margin:0.5em -8px;padding:4px 8px;border:1px solid #AAAAAA;background:#E0E7EA;border-left:0;border-right:0;font-family:Verdana, sans-serif;font-size:13pt;} .battle-log .chat {vertical-align:middle;padding:3px 0 3px 0;font-size:8pt;} .battle-log .chat strong {color:#40576A;} .battle-log .chat em {padding:1px 4px 1px 3px;color:#000000;font-style:normal;} .chat.mine {background:rgba(0,0,0,0.05);margin-left:-8px;margin-right:-8px;padding-left:8px;padding-right:8px;} .spoiler {color:#BBBBBB;background:#BBBBBB;padding:0px 3px;} .spoiler:hover, .spoiler:active, .spoiler-shown {color:#000000;background:#E2E2E2;padding:0px 3px;} .spoiler a {color:#BBBBBB;} .spoiler:hover a, .spoiler:active a, .spoiler-shown a {color:#2288CC;} .chat code, .chat .spoiler:hover code, .chat .spoiler:active code, .chat .spoiler-shown code {border:1px solid #C0C0C0;background:#EEEEEE;color:black;padding:0 2px;} .chat .spoiler code {border:1px solid #CCCCCC;background:#CCCCCC;color:#CCCCCC;} .battle-log .rated {padding:3px 4px;} .battle-log .rated strong {color:white;background:#89A;padding:1px 4px;border-radius:4px;} .spacer {margin-top:0.5em;} .message-announce {background:#6688AA;color:white;padding:1px 4px 2px;} .message-announce a, .broadcast-green a, .broadcast-blue a, .broadcast-red a {color:#DDEEFF;} .broadcast-green {background-color:#559955;color:white;padding:2px 4px;} .broadcast-blue {background-color:#6688AA;color:white;padding:2px 4px;} .infobox {border:1px solid #6688AA;padding:2px 4px;} .infobox-limited {max-height:200px;overflow:auto;overflow-x:hidden;} .broadcast-red {background-color:#AA5544;color:white;padding:2px 4px;} .message-learn-canlearn {font-weight:bold;color:#228822;text-decoration:underline;} .message-learn-cannotlearn {font-weight:bold;color:#CC2222;text-decoration:underline;} .message-effect-weak {font-weight:bold;color:#CC2222;} .message-effect-resist {font-weight:bold;color:#6688AA;} .message-effect-immune {font-weight:bold;color:#666666;} .message-learn-list {margin-top:0;margin-bottom:0;} .message-throttle-notice, .message-error {color:#992222;} .message-overflow, .chat small.message-overflow {font-size:0pt;} .message-overflow::before {font-size:9pt;content:'...';} .subtle {color:#3A4A66;}
</style>
<div class="wrapper replay-wrapper" style="max-width:1180px;margin:0 auto">
<input type="hidden" name="replayid" value="smogtours-gen2ou-383821" />
<div class="battle"></div><div class="battle-log"></div><div class="replay-controls"></div><div class="replay-controls-2"></div>
<h1 style="font-weight:normal;text-align:center"><strong>[Gen 2] OU</strong><br /><a href="http://pokemonshowdown.com/users/melle2402" class="subtle" target="_blank">Melle2402</a> vs. <a href="http://pokemonshowdown.com/users/earthworm" class="subtle" target="_blank">Earthworm</a></h1>
<script type="text/plain" class="battle-log-data">|inactive|Battle timer is ON: inactive players will automatically lose when time's up.
|player|p1|Melle2402|102
|player|p2|Earthworm|101
|teamsize|p1|6
|teamsize|p2|6
|gametype|singles
|gen|2
|tier|[Gen 2] OU
|rule|Sleep Clause Mod: Limit one foe put to sleep
|rule|Freeze Clause Mod: Limit one foe frozen
|rule|Species Clause: Limit one of each Pokémon
|rule|OHKO Clause: OHKO moves are banned
|rule|Evasion Moves Clause: Evasion moves are banned
|rule|HP Percentage Mod: HP is shown in percentages
|
|start
|switch|p1a: Snorlax|Snorlax, M|100\/100
|switch|p2a: Zapdos|Zapdos|100\/100
|turn|1
|c|☆Melle2402|Hf
|inactive|Melle2402 has 285 seconds left.
|inactive|Earthworm has 285 seconds left.
|inactive|Melle2402 has 270 seconds left.
|inactive|Earthworm has 270 seconds left.
|inactive|Melle2402 has 255 seconds left.
|inactive|Earthworm has 255 seconds left.
|inactive|Melle2402 has 240 seconds left.
|inactive|Earthworm has 240 seconds left.
|
|switch|p2a: Snorlax|Snorlax, M|100\/100
|move|p1a: Snorlax|Body Slam|p2a: Snorlax
|-damage|p2a: Snorlax|73\/100
|
|-heal|p2a: Snorlax|79\/100|[from] item: Leftovers
|upkeep
|turn|2
|
|move|p2a: Snorlax|Curse|p2a: Snorlax
|-unboost|p2a: Snorlax|spe|1
|-boost|p2a: Snorlax|atk|1
|-boost|p2a: Snorlax|def|1
|move|p1a: Snorlax|Lovely Kiss|p2a: Snorlax
|-status|p2a: Snorlax|slp
|
|-heal|p2a: Snorlax|86\/100 slp|[from] item: Leftovers
|upkeep
|turn|3
|
|switch|p1a: Tyranitar|Tyranitar, M|100\/100
|cant|p2a: Snorlax|slp
|move|p2a: Snorlax|Sleep Talk|p2a: Snorlax
|move|p2a: Snorlax|Lovely Kiss|p1a: Tyranitar|[from]Sleep Talk
|-status|p1a: Tyranitar|slp
|
|-heal|p2a: Snorlax|92\/100 slp|[from] item: Leftovers
|upkeep
|turn|4
|inactive|Melle2402 has 255 seconds left.
|inactive|Earthworm has 255 seconds left.
|inactive|Melle2402 has 240 seconds left.
|
|switch|p1a: Cloyster|Cloyster, M|100\/100
|cant|p2a: Snorlax|slp
|move|p2a: Snorlax|Sleep Talk|p2a: Snorlax
|move|p2a: Snorlax|Body Slam|p1a: Cloyster|[from]Sleep Talk
|-damage|p1a: Cloyster|63\/100
|
|-heal|p1a: Cloyster|69\/100|[from] item: Leftovers
|-heal|p2a: Snorlax|98\/100 slp|[from] item: Leftovers
|upkeep
|turn|5
|inactive|Earthworm has 255 seconds left.
|
|move|p1a: Cloyster|Spikes|p2a: Snorlax
|-sidestart|p2: Earthworm|Spikes
|cant|p2a: Snorlax|slp
|move|p2a: Snorlax|Sleep Talk|p2a: Snorlax
|move|p2a: Snorlax|Lovely Kiss|p1a: Cloyster|[from]Sleep Talk
|-message|Sleep Clause Mod activated.
|
|-heal|p1a: Cloyster|75\/100|[from] item: Leftovers
|-heal|p2a: Snorlax|100\/100 slp|[from] item: Leftovers
|upkeep
|turn|6
|c|+Charmflash|go mellenumbers
|
|move|p1a: Cloyster|Surf|p2a: Snorlax
|-damage|p2a: Snorlax|81\/100 slp
|-curestatus|p2a: Snorlax|slp|[msg]
|move|p2a: Snorlax|Body Slam|p1a: Cloyster
|-damage|p1a: Cloyster|39\/100
|
|-heal|p1a: Cloyster|45\/100|[from] item: Leftovers
|-heal|p2a: Snorlax|87\/100|[from] item: Leftovers
|upkeep
|turn|7
|inactive|Melle2402 has 255 seconds left.
|
|move|p1a: Cloyster|Toxic|p2a: Snorlax
|-status|p2a: Snorlax|tox
|move|p2a: Snorlax|Body Slam|p1a: Cloyster
|-damage|p1a: Cloyster|11\/100
|-status|p1a: Cloyster|par
|-damage|p2a: Snorlax|81\/100 tox|[from] tox|[of] p1a: Cloyster
|
|-heal|p2a: Snorlax|87\/100 tox|[from] item: Leftovers
|-heal|p1a: Cloyster|17\/100 par|[from] item: Leftovers
|upkeep
|turn|8
|inactive|Melle2402 has 255 seconds left.
|inactive|Earthworm has 270 seconds left.
|
|switch|p1a: Tyranitar|Tyranitar, M|100\/100 slp
|move|p2a: Snorlax|Body Slam|p1a: Tyranitar
|-resisted|p1a: Tyranitar
|-damage|p1a: Tyranitar|84\/100 slp
|-damage|p2a: Snorlax|75\/100 tox|[from] tox|[of] p1a: Tyranitar
|
|-heal|p1a: Tyranitar|90\/100 slp|[from] item: Leftovers
|-heal|p2a: Snorlax|81\/100 tox|[from] item: Leftovers
|upkeep
|turn|9
|inactive|Melle2402 has 255 seconds left.
|
|switch|p2a: Cloyster|Cloyster, M|100\/100
|-damage|p2a: Cloyster|88\/100|[from] Spikes
|cant|p1a: Tyranitar|slp
|
|-heal|p2a: Cloyster|94\/100|[from] item: Leftovers
|-heal|p1a: Tyranitar|96\/100 slp|[from] item: Leftovers
|upkeep
|turn|10
|
|switch|p1a: Cloyster|Cloyster, M|17\/100 par
|move|p2a: Cloyster|Spikes|p1a: Cloyster
|-sidestart|p1: Melle2402|Spikes
|
|-heal|p2a: Cloyster|99\/100|[from] item: Leftovers
|-heal|p1a: Cloyster|23\/100 par|[from] item: Leftovers
|upkeep
|turn|11
|inactive|Earthworm has 285 seconds left.
|inactive|Melle2402 has 255 seconds left.
|
|switch|p2a: Zapdos|Zapdos|100\/100
|switch|p1a: Raikou|Raikou|100\/100
|-damage|p1a: Raikou|88\/100|[from] Spikes
|
|-heal|p1a: Raikou|94\/100|[from] item: Leftovers
|upkeep
|turn|12
|
|move|p1a: Raikou|Thunder|p2a: Zapdos
|-damage|p2a: Zapdos|59\/100
|move|p2a: Zapdos|Thunder Wave|p1a: Raikou
|-status|p1a: Raikou|par
|
|-heal|p2a: Zapdos|65\/100|[from] item: Leftovers
|-heal|p1a: Raikou|99\/100 par|[from] item: Leftovers
|upkeep
|turn|13
|inactive|Melle2402 has 270 seconds left.
|inactive|Earthworm has 285 seconds left.
|
|move|p2a: Zapdos|Light Screen|p2a: Zapdos
|-sidestart|p2: Earthworm|move: Light Screen
|move|p1a: Raikou|Thunder|p2a: Zapdos
|-damage|p2a: Zapdos|44\/100
|
|-heal|p2a: Zapdos|50\/100|[from] item: Leftovers
|-heal|p1a: Raikou|100\/100 par|[from] item: Leftovers
|upkeep
|turn|14
|inactive|Melle2402 has 270 seconds left.
|inactive|Earthworm has 285 seconds left.
|
|switch|p2a: Sandslash|Sandslash, M|100\/100
|-damage|p2a: Sandslash|88\/100|[from] Spikes
|cant|p1a: Raikou|par
|
|-heal|p2a: Sandslash|94\/100|[from] item: Leftovers
|upkeep
|turn|15
|inactive|Melle2402 has 270 seconds left.
|inactive|Melle2402 has 255 seconds left.
|inactive|Melle2402 has 240 seconds left.
|inactive|Melle2402 has 225 seconds left.
|inactive|Melle2402 has 210 seconds left.
|
|switch|p1a: Snorlax|Snorlax, M|100\/100
|-damage|p1a: Snorlax|88\/100|[from] Spikes
|move|p2a: Sandslash|Swords Dance|p2a: Sandslash
|-boost|p2a: Sandslash|atk|2
|
|-heal|p2a: Sandslash|100\/100|[from] item: Leftovers
|-heal|p1a: Snorlax|94\/100|[from] item: Leftovers
|upkeep
|turn|16
|
|move|p2a: Sandslash|Earthquake|p1a: Snorlax
|-damage|p1a: Snorlax|39\/100
|move|p1a: Snorlax|Lovely Kiss|p2a: Sandslash|[miss]
|-miss|p1a: Snorlax
|
|-heal|p1a: Snorlax|45\/100|[from] item: Leftovers
|upkeep
|turn|17
|inactive|Melle2402 has 210 seconds left.
|inactive|Melle2402 has 195 seconds left.
|c|☆Earthworm|hmm
|inactive|Melle2402 has 180 seconds left.
|
|switch|p1a: Cloyster|Cloyster, M|23\/100 par
|-damage|p1a: Cloyster|11\/100 par|[from] Spikes
|move|p2a: Sandslash|Earthquake|p1a: Cloyster
|-damage|p1a: Cloyster|0 fnt
|faint|p1a: Cloyster
|inactive|Melle2402 has 180 seconds left.
|inactive|Melle2402 has 165 seconds left.
|
|switch|p1a: Exeggutor|Exeggutor, M|100\/100
|-damage|p1a: Exeggutor|88\/100|[from] Spikes
|
|-heal|p1a: Exeggutor|94\/100|[from] item: Leftovers
|-sideend|p2: Earthworm|move: Light Screen
|upkeep
|turn|18
|inactive|Melle2402 has 165 seconds left.
|
|move|p2a: Sandslash|Hidden Power|p1a: Exeggutor
|-supereffective|p1a: Exeggutor
|-damage|p1a: Exeggutor|0 fnt
|faint|p1a: Exeggutor
|
|switch|p1a: Machamp|Machamp, M|100\/100
|-damage|p1a: Machamp|88\/100|[from] Spikes
|
|-heal|p1a: Machamp|94\/100|[from] item: Leftovers
|upkeep
|turn|19
|
|move|p2a: Sandslash|Earthquake|p1a: Machamp
|-damage|p1a: Machamp|20\/100
|move|p1a: Machamp|Cross Chop|p2a: Sandslash
|-damage|p2a: Sandslash|61\/100
|
|-heal|p2a: Sandslash|67\/100|[from] item: Leftovers
|-heal|p1a: Machamp|26\/100|[from] item: Leftovers
|upkeep
|turn|20
|inactive|Melle2402 has 180 seconds left.
|
|move|p2a: Sandslash|Earthquake|p1a: Machamp
|-damage|p1a: Machamp|0 fnt
|faint|p1a: Machamp
|c|☆Earthworm|that miss was big 
|
|switch|p1a: Snorlax|Snorlax, M|45\/100
|-damage|p1a: Snorlax|33\/100|[from] Spikes
|
|-heal|p2a: Sandslash|73\/100|[from] item: Leftovers
|-heal|p1a: Snorlax|39\/100|[from] item: Leftovers
|upkeep
|turn|21
|
|move|p2a: Sandslash|Earthquake|p1a: Snorlax
|-damage|p1a: Snorlax|0 fnt
|faint|p1a: Snorlax
|
|switch|p1a: Raikou|Raikou|100\/100 par
|-damage|p1a: Raikou|88\/100 par|[from] Spikes
|
|-heal|p2a: Sandslash|80\/100|[from] item: Leftovers
|-heal|p1a: Raikou|94\/100 par|[from] item: Leftovers
|upkeep
|turn|22
|
|move|p2a: Sandslash|Earthquake|p1a: Raikou
|-supereffective|p1a: Raikou
|-damage|p1a: Raikou|0 fnt
|faint|p1a: Raikou
|c|☆Melle2402|How unfort
|inactive|Melle2402 has 225 seconds left.
|
|switch|p1a: Tyranitar|Tyranitar, M|96\/100 slp
|-damage|p1a: Tyranitar|84\/100 slp|[from] Spikes
|
|-heal|p2a: Sandslash|86\/100|[from] item: Leftovers
|-heal|p1a: Tyranitar|90\/100 slp|[from] item: Leftovers
|upkeep
|turn|23
|
|move|p2a: Sandslash|Earthquake|p1a: Tyranitar
|-supereffective|p1a: Tyranitar
|-damage|p1a: Tyranitar|0 fnt
|faint|p1a: Tyranitar
|
|win|Earthworm
|c|☆Earthworm|o well gg
|c|☆Melle2402|Gg i guess
</script>
</div>
<div class="battle-log battle-log-inline"><div class="inner"><div class="battle-options"></div><div class="inner"><div class="chat message-error">Battle timer is ON: inactive players will automatically lose when time's up.</div><div class=""><small>Format:</small> <br><strong>[Gen 2] OU</strong></div><div class=""><small><em>Sleep Clause Mod:</em> Limit one foe put to sleep</small></div><div class=""><small><em>Freeze Clause Mod:</em> Limit one foe frozen</small></div><div class=""><small><em>Species Clause:</em> Limit one of each Pokémon</small></div><div class=""><small><em>OHKO Clause:</em> OHKO moves are banned</small></div><div class=""><small><em>Evasion Moves Clause:</em> Evasion moves are banned</small></div><div class=""><small><em>HP Percentage Mod:</em> HP is shown in percentages</small></div><div class="spacer battle-history"><br></div><div class="battle-history">Battle started between Melle2402 and Earthworm!<br></div><div class="spacer battle-history"><br></div><div class="battle-history">Go! <strong>Snorlax</strong>!<br></div><div class="spacer battle-history"><br></div><div class="battle-history">Earthworm sent out <strong>Zapdos</strong>!<br></div><div class="spacer battle-history"><br></div><h2 class="battle-history">Turn 1</h2><div class="chat chatmessage-melle2402"><strong style="color:#0b759f"><small>☆</small><span class="username" data-name="Melle2402">Melle2402</span>:</strong> <em>Hf</em></div><div class="chat message-error">Melle2402 has 285 seconds left.</div><div class="chat message-error">Earthworm has 285 seconds left.</div><div class="chat message-error">Melle2402 has 270 seconds left.</div><div class="chat message-error">Earthworm has 270 seconds left.</div><div class="chat message-error">Melle2402 has 255 seconds left.</div><div class="chat message-error">Earthworm has 255 seconds left.</div><div class="chat message-error">Melle2402 has 240 seconds left.</div><div class="chat message-error">Earthworm has 240 seconds left.</div><div class="spacer battle-history"><br></div><div class="battle-history">Earthworm withdrew Zapdos!<br></div><div class="battle-history">Earthworm sent out <strong>Snorlax</strong>!<br></div><div class="spacer battle-history"><br></div><div class="battle-history">Snorlax used <strong>Body Slam</strong>!<br></div><div class="battle-history"><small>(The opposing Snorlax lost 27% of its health!)</small><br></div><div class="spacer battle-history"><br></div><div class="battle-history"><small>The opposing Snorlax restored a little HP using its Leftovers!</small><br></div><div class="spacer battle-history"><br></div><h2 class="battle-history">Turn 2</h2><div class="spacer battle-history"><br></div><div class="battle-history">The opposing Snorlax used <strong>Curse</strong>!<br></div><div class="battle-history"><small>The opposing Snorlax's Speed fell!</small><br></div><div class="battle-history"><small>The opposing Snorlax's Attack rose!</small><br></div><div class="battle-history"><small>The opposing Snorlax's Defense rose!</small><br></div><div class="spacer battle-history"><br></div><div class="battle-history">Snorlax used <strong>Lovely Kiss</strong>!<br></div><div class="battle-history"><small>The opposing Snorlax fell asleep!</small><br></div><div class="spacer battle-history"><br></div><div class="battle-history"><small>The opposing Snorlax restored a little HP using its Leftovers!</small><br></div><div class="spacer battle-history"><br></div><h2 class="battle-history">Turn 3</h2><div class="spacer battle-history"><br></div><div class="battle-history">Snorlax, come back!<br></div><div class="battle-history">Go! <strong>Tyranitar</strong>!<br></div><div class="spacer battle-history"><br></div><div class="battle-history">The opposing Snorlax is fast asleep.<br></div><div class="spacer battle-history"><br></div><div class="battle-history">The opposing Snorlax used <strong>Sleep Talk</strong>!<br></div><div class="spacer battle-history"><br></div><div class="battle-history">The opposing Snorlax used <strong>Lovely Kiss</strong>!<br></div><div class="battle-history"><small>Tyranitar fell asleep!</small><br></div><div class="spacer battle-history"><br></div><div class="battle-history"><small>The opposing Snorlax restored a little HP using its Leftovers!</small><br></div><div class="spacer battle-history"><br></div><h2 class="battle-history">Turn 4</h2><div class="chat message-error">Melle2402 has 255 seconds left.</div><div class="chat message-error">Earthworm has 255 seconds left.</div><div class="chat message-error">Melle2402 has 240 seconds left.</div><div class="spacer battle-history"><br></div><div class="battle-history">Tyranitar, come back!<br></div><div class="battle-history">Go! <strong>Cloyster</strong>!<br></div><div class="spacer battle-history"><br></div><div class="battle-history">The opposing Snorlax is fast asleep.<br></div><div class="spacer battle-history"><br></div><div class="battle-history">The opposing Snorlax used <strong>Sleep Talk</strong>!<br></div><div class="spacer battle-history"><br></div><div class="battle-history">The opposing Snorlax used <strong>Body Slam</strong>!<br></div><div class="battle-history"><small>(Cloyster lost 37% of its health!)</small><br></div><div class="spacer battle-history"><br></div><div class="battle-history"><small>Cloyster restored a little HP using its Leftovers!</small><br></div><div class="battle-history"><small>The opposing Snorlax restored a little HP using its Leftovers!</small><br></div><div class="spacer battle-history"><br></div><h2 class="battle-history">Turn 5</h2><div class="chat message-error">Earthworm has 255 seconds left.</div><div class="spacer battle-history"><br></div><div class="battle-history">Cloyster used <strong>Spikes</strong>!<br></div><div class="battle-history"><small>Spikes were scattered on the ground all around the opposing team!</small><br></div><div class="spacer battle-history"><br></div><div class="battle-history">The opposing Snorlax is fast asleep.<br></div><div class="spacer battle-history"><br></div><div class="battle-history">The opposing Snorlax used <strong>Sleep Talk</strong>!<br></div><div class="spacer battle-history"><br></div><div class="battle-history">The opposing Snorlax used <strong>Lovely Kiss</strong>!<br></div><div class="battle-history"><small>Sleep Clause Mod activated.</small><br></div><div class="spacer battle-history"><br></div><div class="battle-history"><small>Cloyster restored a little HP using its Leftovers!</small><br></div><div class="battle-history"><small>The opposing Snorlax restored a little HP using its Leftovers!</small><br></div><div class="spacer battle-history"><br></div><h2 class="battle-history">Turn 6</h2><div class="chat chatmessage-charmflash"><strong style="color:#376bbe"><small>+</small><span class="username" data-name="Charmflash">Charmflash</span>:</strong> <em>go mellenumbers</em></div><div class="spacer battle-history"><br></div><div class="battle-history">Cloyster used <strong>Surf</strong>!<br></div><div class="battle-history"><small>(The opposing Snorlax lost 19% of its health!)</small><br></div><div class="battle-history"><small>The opposing Snorlax woke up!</small><br></div><div class="spacer battle-history"><br></div><div class="battle-history">The opposing Snorlax used <strong>Body Slam</strong>!<br></div><div class="battle-history"><small>(Cloyster lost 36% of its health!)</small><br></div><div class="spacer battle-history"><br></div><div class="battle-history"><small>Cloyster restored a little HP using its Leftovers!</small><br></div><div class="battle-history"><small>The opposing Snorlax restored a little HP using its Leftovers!</small><br></div><div class="spacer battle-history"><br></div><h2 class="battle-history">Turn 7</h2><div class="chat message-error">Melle2402 has 255 seconds left.</div><div class="spacer battle-history"><br></div><div class="battle-history">Cloyster used <strong>Toxic</strong>!<br></div><div class="battle-history"><small>The opposing Snorlax was badly poisoned!</small><br></div><div class="spacer battle-history"><br></div><div class="battle-history">The opposing Snorlax used <strong>Body Slam</strong>!<br></div><div class="battle-history"><small>(Cloyster lost 34% of its health!)</small><br></div><div class="battle-history"><small>Cloyster is paralyzed! It may be unable to move!</small><br></div><div class="battle-history"><small>The opposing Snorlax was hurt by poison!</small><br></div><div class="spacer battle-history"><br></div><div class="battle-history"><small>The opposing Snorlax restored a little HP using its Leftovers!</small><br></div><div class="battle-history"><small>Cloyster restored a little HP using its Leftovers!</small><br></div><div class="spacer battle-history"><br></div><h2 class="battle-history">Turn 8</h2><div class="chat message-error">Melle2402 has 255 seconds left.</div><div class="chat message-error">Earthworm has 270 seconds left.</div><div class="spacer battle-history"><br></div><div class="battle-history">Cloyster, come back!<br></div><div class="battle-history">Go! <strong>Tyranitar</strong>!<br></div><div class="spacer battle-history"><br></div><div class="battle-history">The opposing Snorlax used <strong>Body Slam</strong>!<br></div><div class="battle-history"><small>It's not very effective...</small><br></div><div class="battle-history"><small>(Tyranitar lost 16% of its health!)</small><br></div><div class="battle-history"><small>The opposing Snorlax was hurt by poison!</small><br></div><div class="spacer battle-history"><br></div><div class="battle-history"><small>Tyranitar restored a little HP using its Leftovers!</small><br></div><div class="battle-history"><small>The opposing Snorlax restored a little HP using its Leftovers!</small><br></div><div class="spacer battle-history"><br></div><h2 class="battle-history">Turn 9</h2><div class="chat message-error">Melle2402 has 255 seconds left.</div><div class="spacer battle-history"><br></div><div class="battle-history">Earthworm withdrew Snorlax!<br></div><div class="battle-history">Earthworm sent out <strong>Cloyster</strong>!<br></div><div class="battle-history"><small>The opposing Cloyster was hurt by the spikes!</small><br></div><div class="spacer battle-history"><br></div><div class="battle-history">Tyranitar is fast asleep.<br></div><div class="spacer battle-history"><br></div><div class="battle-history"><small>The opposing Cloyster restored a little HP using its Leftovers!</small><br></div><div class="battle-history"><small>Tyranitar restored a little HP using its Leftovers!</small><br></div><div class="spacer battle-history"><br></div><h2 class="battle-history">Turn 10</h2><div class="spacer battle-history"><br></div><div class="battle-history">Tyranitar, come back!<br></div><div class="battle-history">Go! <strong>Cloyster</strong>!<br></div><div class="spacer battle-history"><br></div><div class="battle-history">The opposing Cloyster used <strong>Spikes</strong>!<br></div><div class="battle-history"><small>Spikes were scattered on the ground all around your team!</small><br></div><div class="spacer battle-history"><br></div><div class="battle-history"><small>The opposing Cloyster restored a little HP using its Leftovers!</small><br></div><div class="battle-history"><small>Cloyster restored a little HP using its Leftovers!</small><br></div><div class="spacer battle-history"><br></div><h2 class="battle-history">Turn 11</h2><div class="chat message-error">Earthworm has 285 seconds left.</div><div class="chat message-error">Melle2402 has 255 seconds left.</div><div class="spacer battle-history"><br></div><div class="battle-history">Earthworm withdrew Cloyster!<br></div><div class="battle-history">Earthworm sent out <strong>Zapdos</strong>!<br></div><div class="spacer battle-history"><br></div><div class="battle-history">Cloyster, come back!<br></div><div class="battle-history">Go! <strong>Raikou</strong>!<br></div><div class="battle-history"><small>Raikou was hurt by the spikes!</small><br></div><div class="spacer battle-history"><br></div><div class="battle-history"><small>Raikou restored a little HP using its Leftovers!</small><br></div><div class="spacer battle-history"><br></div><h2 class="battle-history">Turn 12</h2><div class="spacer battle-history"><br></div><div class="battle-history">Raikou used <strong>Thunder</strong>!<br></div><div class="battle-history"><small>(The opposing Zapdos lost 41% of its health!)</small><br></div><div class="spacer battle-history"><br></div><div class="battle-history">The opposing Zapdos used <strong>Thunder Wave</strong>!<br></div><div class="battle-history"><small>Raikou is paralyzed! It may be unable to move!</small><br></div><div class="spacer battle-history"><br></div><div class="battle-history"><small>The opposing Zapdos restored a little HP using its Leftovers!</small><br></div><div class="battle-history"><small>Raikou restored a little HP using its Leftovers!</small><br></div><div class="spacer battle-history"><br></div><h2 class="battle-history">Turn 13</h2><div class="chat message-error">Melle2402 has 270 seconds left.</div><div class="chat message-error">Earthworm has 285 seconds left.</div><div class="spacer battle-history"><br></div><div class="battle-history">The opposing Zapdos used <strong>Light Screen</strong>!<br></div><div class="battle-history"><small>Light Screen made the opposing team stronger against special moves!</small><br></div><div class="spacer battle-history"><br></div><div class="battle-history">Raikou used <strong>Thunder</strong>!<br></div><div class="battle-history"><small>(The opposing Zapdos lost 21% of its health!)</small><br></div><div class="spacer battle-history"><br></div><div class="battle-history"><small>The opposing Zapdos restored a little HP using its Leftovers!</small><br></div><div class="battle-history"><small>Raikou restored a little HP using its Leftovers!</small><br></div><div class="spacer battle-history"><br></div><h2 class="battle-history">Turn 14</h2><div class="chat message-error">Melle2402 has 270 seconds left.</div><div class="chat message-error">Earthworm has 285 seconds left.</div><div class="spacer battle-history"><br></div><div class="battle-history">Earthworm withdrew Zapdos!<br></div><div class="battle-history">Earthworm sent out <strong>Sandslash</strong>!<br></div><div class="battle-history"><small>The opposing Sandslash was hurt by the spikes!</small><br></div><div class="spacer battle-history"><br></div><div class="battle-history">Raikou is paralyzed! It can't move!<br></div><div class="spacer battle-history"><br></div><div class="battle-history"><small>The opposing Sandslash restored a little HP using its Leftovers!</small><br></div><div class="spacer battle-history"><br></div><h2 class="battle-history">Turn 15</h2><div class="chat message-error">Melle2402 has 270 seconds left.</div><div class="chat message-error">Melle2402 has 255 seconds left.</div><div class="chat message-error">Melle2402 has 240 seconds left.</div><div class="chat message-error">Melle2402 has 225 seconds left.</div><div class="chat message-error">Melle2402 has 210 seconds left.</div><div class="spacer battle-history"><br></div><div class="battle-history">Raikou, come back!<br></div><div class="battle-history">Go! <strong>Snorlax</strong>!<br></div><div class="battle-history"><small>Snorlax was hurt by the spikes!</small><br></div><div class="spacer battle-history"><br></div><div class="battle-history">The opposing Sandslash used <strong>Swords Dance</strong>!<br></div><div class="battle-history"><small>The opposing Sandslash's Attack rose sharply!</small><br></div><div class="spacer battle-history"><br></div><div class="battle-history"><small>The opposing Sandslash restored a little HP using its Leftovers!</small><br></div><div class="battle-history"><small>Snorlax restored a little HP using its Leftovers!</small><br></div><div class="spacer battle-history"><br></div><h2 class="battle-history">Turn 16</h2><div class="spacer battle-history"><br></div><div class="battle-history">The opposing Sandslash used <strong>Earthquake</strong>!<br></div><div class="battle-history"><small>(Snorlax lost 55% of its health!)</small><br></div><div class="spacer battle-history"><br></div><div class="battle-history">Snorlax used <strong>Lovely Kiss</strong>!<br></div><div class="battle-history"><small>Snorlax's attack missed!</small><br></div><div class="spacer battle-history"><br></div><div class="battle-history"><small>Snorlax restored a little HP using its Leftovers!</small><br></div><div class="spacer battle-history"><br></div><h2 class="battle-history">Turn 17</h2><div class="chat message-error">Melle2402 has 210 seconds left.</div><div class="chat message-error">Melle2402 has 195 seconds left.</div><div class="chat chatmessage-earthworm"><strong style="color:#b12f77"><small>☆</small><span class="username" data-name="Earthworm">Earthworm</span>:</strong> <em>hmm</em></div><div class="chat message-error">Melle2402 has 180 seconds left.</div><div class="spacer battle-history"><br></div><div class="battle-history">Snorlax, come back!<br></div><div class="battle-history">Go! <strong>Cloyster</strong>!<br></div><div class="battle-history"><small>Cloyster was hurt by the spikes!</small><br></div><div class="spacer battle-history"><br></div><div class="battle-history">The opposing Sandslash used <strong>Earthquake</strong>!<br></div><div class="battle-history"><small>(Cloyster lost 11% of its health!)</small><br></div><div class="spacer battle-history"><br></div><div class="battle-history">Cloyster fainted!<br></div><div class="chat message-error">Melle2402 has 180 seconds left.</div><div class="chat message-error">Melle2402 has 165 seconds left.</div><div class="spacer battle-history"><br></div><div class="battle-history">Go! <strong>Exeggutor</strong>!<br></div><div class="battle-history"><small>Exeggutor was hurt by the spikes!</small><br></div><div class="spacer battle-history"><br></div><div class="battle-history"><small>Exeggutor restored a little HP using its Leftovers!</small><br></div><div class="battle-history"><small>The opposing team's Light Screen wore off!</small><br></div><div class="spacer battle-history"><br></div><h2 class="battle-history">Turn 18</h2><div class="chat message-error">Melle2402 has 165 seconds left.</div><div class="spacer battle-history"><br></div><div class="battle-history">The opposing Sandslash used <strong>Hidden Power</strong>!<br></div><div class="battle-history"><small>It's super effective!</small><br></div><div class="battle-history"><small>(Exeggutor lost 94% of its health!)</small><br></div><div class="spacer battle-history"><br></div><div class="battle-history">Exeggutor fainted!<br></div><div class="spacer battle-history"><br></div><div class="battle-history">Go! <strong>Machamp</strong>!<br></div><div class="battle-history"><small>Machamp was hurt by the spikes!</small><br></div><div class="spacer battle-history"><br></div><div class="battle-history"><small>Machamp restored a little HP using its Leftovers!</small><br></div><div class="spacer battle-history"><br></div><h2 class="battle-history">Turn 19</h2><div class="spacer battle-history"><br></div><div class="battle-history">The opposing Sandslash used <strong>Earthquake</strong>!<br></div><div class="battle-history"><small>(Machamp lost 74% of its health!)</small><br></div><div class="spacer battle-history"><br></div><div class="battle-history">Machamp used <strong>Cross Chop</strong>!<br></div><div class="battle-history"><small>(The opposing Sandslash lost 39% of its health!)</small><br></div><div class="spacer battle-history"><br></div><div class="battle-history"><small>The opposing Sandslash restored a little HP using its Leftovers!</small><br></div><div class="battle-history"><small>Machamp restored a little HP using its Leftovers!</small><br></div><div class="spacer battle-history"><br></div><h2 class="battle-history">Turn 20</h2><div class="chat message-error">Melle2402 has 180 seconds left.</div><div class="spacer battle-history"><br></div><div class="battle-history">The opposing Sandslash used <strong>Earthquake</strong>!<br></div><div class="battle-history"><small>(Machamp lost 26% of its health!)</small><br></div><div class="spacer battle-history"><br></div><div class="battle-history">Machamp fainted!<br></div><div class="chat chatmessage-earthworm"><strong style="color:#b12f77"><small>☆</small><span class="username" data-name="Earthworm">Earthworm</span>:</strong> <em>that miss was big </em></div><div class="spacer battle-history"><br></div><div class="battle-history">Go! <strong>Snorlax</strong>!<br></div><div class="battle-history"><small>Snorlax was hurt by the spikes!</small><br></div><div class="spacer battle-history"><br></div><div class="battle-history"><small>The opposing Sandslash restored a little HP using its Leftovers!</small><br></div><div class="battle-history"><small>Snorlax restored a little HP using its Leftovers!</small><br></div><div class="spacer battle-history"><br></div><h2 class="battle-history">Turn 21</h2><div class="spacer battle-history"><br></div><div class="battle-history">The opposing Sandslash used <strong>Earthquake</strong>!<br></div><div class="battle-history"><small>(Snorlax lost 39% of its health!)</small><br></div><div class="spacer battle-history"><br></div><div class="battle-history">Snorlax fainted!<br></div><div class="spacer battle-history"><br></div><div class="battle-history">Go! <strong>Raikou</strong>!<br></div><div class="battle-history"><small>Raikou was hurt by the spikes!</small><br></div><div class="spacer battle-history"><br></div><div class="battle-history"><small>The opposing Sandslash restored a little HP using its Leftovers!</small><br></div><div class="battle-history"><small>Raikou restored a little HP using its Leftovers!</small><br></div><div class="spacer battle-history"><br></div><h2 class="battle-history">Turn 22</h2><div class="spacer battle-history"><br></div><div class="battle-history">The opposing Sandslash used <strong>Earthquake</strong>!<br></div><div class="battle-history"><small>It's super effective!</small><br></div><div class="battle-history"><small>(Raikou lost 94% of its health!)</small><br></div><div class="spacer battle-history"><br></div><div class="battle-history">Raikou fainted!<br></div><div class="chat chatmessage-melle2402"><strong style="color:#0b759f"><small>☆</small><span class="username" data-name="Melle2402">Melle2402</span>:</strong> <em>How unfort</em></div><div class="chat message-error">Melle2402 has 225 seconds left.</div><div class="spacer battle-history"><br></div><div class="battle-history">Go! <strong>Tyranitar</strong>!<br></div><div class="battle-history"><small>Tyranitar was hurt by the spikes!</small><br></div><div class="spacer battle-history"><br></div><div class="battle-history"><small>The opposing Sandslash restored a little HP using its Leftovers!</small><br></div><div class="battle-history"><small>Tyranitar restored a little HP using its Leftovers!</small><br></div><div class="spacer battle-history"><br></div><h2 class="battle-history">Turn 23</h2><div class="spacer battle-history"><br></div><div class="battle-history">The opposing Sandslash used <strong>Earthquake</strong>!<br></div><div class="battle-history"><small>It's super effective!</small><br></div><div class="battle-history"><small>(Tyranitar lost 90% of its health!)</small><br></div><div class="spacer battle-history"><br></div><div class="battle-history">Tyranitar fainted!<br></div><div class="spacer battle-history"><br></div><div class="battle-history"><strong>Earthworm</strong> won the battle!<br></div><div class="chat chatmessage-earthworm"><strong style="color:#b12f77"><small>☆</small><span class="username" data-name="Earthworm">Earthworm</span>:</strong> <em>o well gg</em></div><div class="chat chatmessage-melle2402"><strong style="color:#0b759f"><small>☆</small><span class="username" data-name="Melle2402">Melle2402</span>:</strong> <em>Gg i guess</em></div></div><div class="inner-preempt"></div></div></div>
</div>
<script>
let daily = Math.floor(Date.now()/1000/60/60/24);document.write('<script src="https://play.pokemonshowdown.com/js/replay-embed.js?version'+daily+'"></'+'script>');
</script>
