<!DOCTYPE html>
<meta charset="utf-8" />
<!-- version 1 -->
<title>[Gen 2] OU replay: Krayon Pop vs. Lavos</title>
<style>
html,body {font-family:Verdana, sans-serif;font-size:10pt;margin:0;padding:0;}body{padding:12px 0;} .battle-log {font-family:Verdana, sans-serif;font-size:10pt;} .battle-log-inline {border:1px solid #AAAAAA;background:#EEF2F5;color:black;max-width:640px;margin:0 auto 80px;padding-bottom:5px;} .battle-log .inner {padding:4px 8px 0px 8px;} .battle-log .inner-preempt {padding:0 8px 4px 8px;} .battle-log .inner-after {margin-top:0.5em;} .battle-log h2 {margin:0.5em -8px;padding:4px 8px;border:1px solid #AAAAAA;background:#E0E7EA;border-left:0;border-right:0;font-family:Verdana, sans-serif;font-size:13pt;} .battle-log .chat {vertical-align:middle;padding:3px 0 3px 0;font-size:8pt;} .battle-log .chat strong {color:#40576A;} .battle-log .chat em {padding:1px 4px 1px 3px;color:#000000;font-style:normal;} .chat.mine {background:rgba(0,0,0,0.05);margin-left:-8px;margin-right:-8px;padding-left:8px;padding-right:8px;} .spoiler {color:#BBBBBB;background:#BBBBBB;padding:0px 3px;} .spoiler:hover, .spoiler:active, .spoiler-shown {color:#000000;background:#E2E2E2;padding:0px 3px;} .spoiler a {color:#BBBBBB;} .spoiler:hover a, .spoiler:active a, .spoiler-shown a {color:#2288CC;} .chat code, .chat .spoiler:hover code, .chat .spoiler:active code, .chat .spoiler-shown code {border:1px solid #C0C0C0;background:#EEEEEE;color:black;padding:0 2px;} .chat .spoiler code {border:1px solid #CCCCCC;background:#CCCCCC;color:#CCCCCC;} .battle-log .rated {padding:3px 4px;} .battle-log .rated strong {color:white;background:#89A;padding:1px 4px;border-radius:4px;} .spacer {margin-top:0.5em;} .message-announce {background:#6688AA;color:white;padding:1px 4px 2px;} .message-announce a, .broadcast-green a, .broadcast-blue a, .broadcast-red a {color:#DDEEFF;} .broadcast-green {background-color:#559955;color:white;padding:2px 4px;} .broadcast-blue {background-color:#6688AA;color:white;padding:2px 4px;} .infobox {border:1px solid #6688AA;padding:2px 4px;} .infobox-limited {max-height:200px;overflow:auto;overflow-x:hidden;} .broadcast-red {background-color:#AA5544;color:white;padding:2px 4px;} .message-learn-canlearn {font-weight:bold;color:#228822;text-decoration:underline;} .message-learn-cannotlearn {font-weight:bold;color:#CC2222;text-decoration:underline;} .message-effect-weak {font-weight:bold;color:#CC2222;} .message-effect-resist {font-weight:bold;color:#6688AA;} .message-effect-immune {font-weight:bold;color:#666666;} .message-learn-list {margin-top:0;margin-bottom:0;} .message-throttle-notice, .message-error {color:#992222;} .message-overflow, .chat small.message-overflow {font-size:0pt;} .message-overflow::before {font-size:9pt;content:'...';} .subtle {color:#3A4A66;}
</style>
<div class="wrapper replay-wrapper" style="max-width:1180px;margin:0 auto">
<input type="hidden" name="replayid" value="smogtours-gen2ou-381563" />
<div class="battle"></div><div class="battle-log"></div><div class="replay-controls"></div><div class="replay-controls-2"></div>
<h1 style="font-weight:normal;text-align:center"><strong>[Gen 2] OU</strong><br /><a href="http://pokemonshowdown.com/users/krayonpop" class="subtle" target="_blank">Krayon Pop</a> vs. <a href="http://pokemonshowdown.com/users/lavos" class="subtle" target="_blank">Lavos</a></h1>
<script type="text/plain" class="battle-log-data">|inactive|Battle timer is ON: inactive players will automatically lose when time's up.
|player|p1|Krayon Pop|185
|player|p2|Lavos|108
|teamsize|p1|6
|teamsize|p2|6
|gametype|singles
|gen|2
|tier|[Gen 2] OU
|rule|Sleep Clause Mod: Limit one foe put to sleep
|rule|Freeze Clause Mod: Limit one foe frozen
|rule|Species Clause: Limit one of each Pokémon
|rule|OHKO Clause: OHKO moves are banned
|rule|Evasion Moves Clause: Evasion moves are banned
|rule|HP Percentage Mod: HP is shown in percentages
|
|start
|switch|p1a: Zapdos|Zapdos|100\/100
|switch|p2a: Zapdos|Zapdos|100\/100
|turn|1
|c|☆Lavos|gl hf
|c|+SweetPosho♥|KRAYON
|c|+SweetPosho♥|POP
|c|☆Krayon Pop|you too
|c|+SweetPosho♥|POOP
|c|+sua!pah|KRAYON
|c|+xray|rui *_*
|c|+Always|A7GOAT
|inactive|Krayon Pop has 285 seconds left.
|c|+sua!pah|lGI
|
|move|p1a: Zapdos|Thunder|p2a: Zapdos
|-damage|p2a: Zapdos|58\/100
|move|p2a: Zapdos|Thunder|p1a: Zapdos|[miss]
|-miss|p2a: Zapdos
|
|-heal|p2a: Zapdos|64\/100|[from] item: Leftovers
|upkeep
|turn|2
|c|+SweetPosho♥|go stan soojung
|c|+HML am|pop pop pop
|c|+GOATDON|oo
|inactive|Lavos has 285 seconds left.
|c|+Evann|THE ROOSTER
|
|switch|p2a: Snorlax|Snorlax, M|100\/100
|move|p1a: Zapdos|Thunder|p2a: Snorlax
|-damage|p2a: Snorlax|68\/100
|
|-heal|p2a: Snorlax|74\/100|[from] item: Leftovers
|upkeep
|turn|3
|
|move|p1a: Zapdos|Thunder|p2a: Snorlax
|-damage|p2a: Snorlax|43\/100
|move|p2a: Snorlax|Curse|p2a: Snorlax
|-unboost|p2a: Snorlax|spe|1
|-boost|p2a: Snorlax|atk|1
|-boost|p2a: Snorlax|def|1
|
|-heal|p2a: Snorlax|49\/100|[from] item: Leftovers
|upkeep
|turn|4
|c|+Sceptross|:o gl guys :3
|inactive|Krayon Pop has 285 seconds left.
|
|move|p1a: Zapdos|Thunder|p2a: Snorlax
|-damage|p2a: Snorlax|17\/100
|move|p2a: Snorlax|Rest|p2a: Snorlax
|-status|p2a: Snorlax|slp
|-heal|p2a: Snorlax|100\/100 slp|[silent]
|-status|p2a: Snorlax|slp|[from] move: Rest
|
|upkeep
|turn|5
|
|switch|p1a: Cloyster|Cloyster, M|100\/100
|cant|p2a: Snorlax|slp
|
|upkeep
|turn|6
|
|move|p1a: Cloyster|Spikes|p2a: Snorlax
|-sidestart|p2: Lavos|Spikes
|cant|p2a: Snorlax|slp
|
|upkeep
|turn|7
|
|move|p1a: Cloyster|Surf|p2a: Snorlax
|-damage|p2a: Snorlax|81\/100 slp
|-curestatus|p2a: Snorlax|slp|[msg]
|move|p2a: Snorlax|Curse|p2a: Snorlax
|-unboost|p2a: Snorlax|spe|1
|-boost|p2a: Snorlax|atk|1
|-boost|p2a: Snorlax|def|1
|
|-heal|p2a: Snorlax|87\/100|[from] item: Leftovers
|upkeep
|turn|8
|
|move|p1a: Cloyster|Toxic|p2a: Snorlax
|-status|p2a: Snorlax|tox
|move|p2a: Snorlax|Double-Edge|p1a: Cloyster
|-damage|p1a: Cloyster|39\/100
|-damage|p2a: Snorlax|79\/100 tox|[from] Recoil|[of] p1a: Cloyster
|-damage|p2a: Snorlax|73\/100 tox|[from] tox|[of] p1a: Cloyster
|
|-heal|p1a: Cloyster|45\/100|[from] item: Leftovers
|-heal|p2a: Snorlax|79\/100 tox|[from] item: Leftovers
|upkeep
|turn|9
|inactive|Krayon Pop has 285 seconds left.
|inactive|Krayon Pop has 270 seconds left.
|inactive|Krayon Pop has 255 seconds left.
|c|+THE PDC SHOW|WAIT
|c|+THE PDC SHOW|RUI
|
|switch|p1a: Rhydon|Rhydon, M|100\/100
|move|p2a: Snorlax|Double-Edge|p1a: Rhydon
|-resisted|p1a: Rhydon
|-damage|p1a: Rhydon|69\/100
|-damage|p2a: Snorlax|73\/100 tox|[from] Recoil|[of] p1a: Rhydon
|-damage|p2a: Snorlax|60\/100 tox|[from] tox|[of] p1a: Rhydon
|
|-heal|p1a: Rhydon|75\/100|[from] item: Leftovers
|-heal|p2a: Snorlax|66\/100 tox|[from] item: Leftovers
|upkeep
|turn|10
|raw|<div class="broadcast-red"><strong>Moderated chat was set to ☆!<\/strong><br \/>Only users of rank ☆ and higher can talk.<\/div>
|inactive|Krayon Pop has 255 seconds left.
|inactive|Lavos has 285 seconds left.
|inactive|Krayon Pop has 240 seconds left.
|
|switch|p1a: Cloyster|Cloyster, M|45\/100
|move|p2a: Snorlax|Rest|p2a: Snorlax
|-status|p2a: Snorlax|slp
|-heal|p2a: Snorlax|100\/100 slp|[silent]
|-status|p2a: Snorlax|slp|[from] move: Rest
|
|-heal|p1a: Cloyster|51\/100|[from] item: Leftovers
|upkeep
|turn|11
|
|switch|p1a: Rhydon|Rhydon, M|75\/100
|cant|p2a: Snorlax|slp
|
|-heal|p1a: Rhydon|81\/100|[from] item: Leftovers
|upkeep
|turn|12
|
|cant|p2a: Snorlax|slp
|move|p1a: Rhydon|Roar|p2a: Snorlax
|drag|p2a: Steelix|Steelix, M|100\/100
|-damage|p2a: Steelix|88\/100|[from] Spikes
|
|-heal|p1a: Rhydon|87\/100|[from] item: Leftovers
|-heal|p2a: Steelix|94\/100|[from] item: Leftovers
|upkeep
|turn|13
|inactive|Lavos has 285 seconds left.
|
|switch|p1a: Zapdos|Zapdos|100\/100
|move|p2a: Steelix|Earthquake|p1a: Zapdos
|-immune|p1a: Zapdos|[msg]
|
|-heal|p2a: Steelix|100\/100|[from] item: Leftovers
|upkeep
|turn|14
|inactive|Krayon Pop has 270 seconds left.
|
|switch|p1a: Cloyster|Cloyster, M|51\/100
|move|p2a: Steelix|Body Slam|p1a: Cloyster
|-damage|p1a: Cloyster|38\/100
|
|-heal|p1a: Cloyster|44\/100|[from] item: Leftovers
|upkeep
|turn|15
|inactive|Krayon Pop has 255 seconds left.
|
|switch|p2a: Zapdos|Zapdos|64\/100
|move|p1a: Cloyster|Toxic|p2a: Zapdos
|-status|p2a: Zapdos|tox
|
|-heal|p2a: Zapdos|70\/100 tox|[from] item: Leftovers
|-heal|p1a: Cloyster|50\/100|[from] item: Leftovers
|upkeep
|turn|16
|
|switch|p2a: Cloyster|Cloyster, M|100\/100
|-damage|p2a: Cloyster|88\/100|[from] Spikes
|switch|p1a: Snorlax|Snorlax, M|100\/100
|
|-heal|p2a: Cloyster|94\/100|[from] item: Leftovers
|upkeep
|turn|17
|
|move|p2a: Cloyster|Spikes|p1a: Snorlax
|-sidestart|p1: Krayon Pop|Spikes
|move|p1a: Snorlax|Double-Edge|p2a: Cloyster
|-damage|p2a: Cloyster|64\/100
|-damage|p1a: Snorlax|96\/100|[from] Recoil|[of] p2a: Cloyster
|
|-heal|p2a: Cloyster|70\/100|[from] item: Leftovers
|-heal|p1a: Snorlax|100\/100|[from] item: Leftovers
|upkeep
|turn|18
|
|switch|p1a: Gengar|Gengar, M|100\/100
|-damage|p1a: Gengar|88\/100|[from] Spikes
|move|p2a: Cloyster|Toxic|p1a: Gengar
|-immune|p1a: Gengar|[msg]
|
|-heal|p1a: Gengar|94\/100|[from] item: Leftovers
|-heal|p2a: Cloyster|76\/100|[from] item: Leftovers
|upkeep
|turn|19
|inactive|Krayon Pop has 270 seconds left.
|inactive|Lavos has 285 seconds left.
|inactive|Krayon Pop has 255 seconds left.
|
|switch|p2a: Steelix|Steelix, M|100\/100
|-damage|p2a: Steelix|88\/100|[from] Spikes
|move|p1a: Gengar|Dynamic Punch|p2a: Steelix
|-supereffective|p2a: Steelix
|-damage|p2a: Steelix|66\/100
|-start|p2a: Steelix|confusion
|
|-heal|p1a: Gengar|100\/100|[from] item: Leftovers
|-heal|p2a: Steelix|72\/100|[from] item: Leftovers
|upkeep
|turn|20
|
|switch|p1a: Zapdos|Zapdos|100\/100
|switch|p2a: Snorlax|Snorlax, M|100\/100 slp
|-damage|p2a: Snorlax|88\/100 slp|[from] Spikes
|
|-heal|p2a: Snorlax|94\/100 slp|[from] item: Leftovers
|upkeep
|turn|21
|inactive|Krayon Pop has 255 seconds left.
|inactive|Krayon Pop has 240 seconds left.
|
|move|p1a: Zapdos|Thunder|p2a: Snorlax|[miss]
|-miss|p1a: Zapdos
|-curestatus|p2a: Snorlax|slp|[msg]
|move|p2a: Snorlax|Curse|p2a: Snorlax
|-unboost|p2a: Snorlax|spe|1
|-boost|p2a: Snorlax|atk|1
|-boost|p2a: Snorlax|def|1
|
|-heal|p2a: Snorlax|99\/100|[from] item: Leftovers
|upkeep
|turn|22
|inactive|Krayon Pop has 240 seconds left.
|inactive|Krayon Pop has 225 seconds left.
|inactive|Krayon Pop has 210 seconds left.
|inactive|Krayon Pop has 195 seconds left.
|inactive|Krayon Pop has 180 seconds left.
|
|move|p1a: Zapdos|Thunder|p2a: Snorlax
|-damage|p2a: Snorlax|71\/100
|move|p2a: Snorlax|Curse|p2a: Snorlax
|-unboost|p2a: Snorlax|spe|1
|-boost|p2a: Snorlax|atk|1
|-boost|p2a: Snorlax|def|1
|
|-heal|p2a: Snorlax|77\/100|[from] item: Leftovers
|upkeep
|turn|23
|inactive|Krayon Pop has 180 seconds left.
|inactive|Lavos has 285 seconds left.
|inactive|Krayon Pop has 165 seconds left.
|inactive|Krayon Pop has 150 seconds left.
|inactive|Krayon Pop has 135 seconds left.
|
|switch|p1a: Rhydon|Rhydon, M|87\/100
|-damage|p1a: Rhydon|75\/100|[from] Spikes
|move|p2a: Snorlax|Double-Edge|p1a: Rhydon
|-resisted|p1a: Rhydon
|-damage|p1a: Rhydon|46\/100
|-damage|p2a: Snorlax|71\/100|[from] Recoil|[of] p1a: Rhydon
|
|-heal|p1a: Rhydon|52\/100|[from] item: Leftovers
|-heal|p2a: Snorlax|78\/100|[from] item: Leftovers
|upkeep
|turn|24
|inactive|Krayon Pop has 135 seconds left.
|inactive|Lavos has 285 seconds left.
|inactive|Krayon Pop has 120 seconds left.
|inactive|Lavos has 270 seconds left.
|inactive|Krayon Pop has 105 seconds left.
|
|move|p1a: Rhydon|Curse|p1a: Rhydon
|-unboost|p1a: Rhydon|spe|1
|-boost|p1a: Rhydon|atk|1
|-boost|p1a: Rhydon|def|1
|move|p2a: Snorlax|Earthquake|p1a: Rhydon
|-supereffective|p1a: Rhydon
|-damage|p1a: Rhydon|5\/100
|
|-heal|p1a: Rhydon|11\/100|[from] item: Leftovers
|-heal|p2a: Snorlax|84\/100|[from] item: Leftovers
|upkeep
|turn|25
|
|move|p1a: Rhydon|Earthquake|p2a: Snorlax
|-damage|p2a: Snorlax|59\/100
|move|p2a: Snorlax|Earthquake|p1a: Rhydon
|-supereffective|p1a: Rhydon
|-damage|p1a: Rhydon|0 fnt
|faint|p1a: Rhydon
|inactive|Krayon Pop has 105 seconds left.
|
|switch|p1a: Cloyster|Cloyster, M|50\/100
|-damage|p1a: Cloyster|37\/100|[from] Spikes
|
|-heal|p1a: Cloyster|43\/100|[from] item: Leftovers
|-heal|p2a: Snorlax|65\/100|[from] item: Leftovers
|upkeep
|turn|26
|inactive|Krayon Pop has 90 seconds left.
|inactive|Lavos has 285 seconds left.
|
|move|p1a: Cloyster|Explosion|p2a: Snorlax
|-damage|p2a: Snorlax|17\/100
|faint|p1a: Cloyster
|inactive|Krayon Pop has 90 seconds left.
|
|switch|p1a: Zapdos|Zapdos|100\/100
|
|-heal|p2a: Snorlax|23\/100|[from] item: Leftovers
|upkeep
|turn|27
|inactive|Lavos has 285 seconds left.
|
|switch|p2a: Steelix|Steelix, M|72\/100
|-damage|p2a: Steelix|60\/100|[from] Spikes
|move|p1a: Zapdos|Thunder|p2a: Steelix
|-immune|p2a: Steelix|[msg]
|
|-heal|p2a: Steelix|66\/100|[from] item: Leftovers
|upkeep
|turn|28
|inactive|Krayon Pop has 90 seconds left.
|inactive|Lavos has 285 seconds left.
|inactive|Krayon Pop has 75 seconds left.
|inactive|Lavos has 270 seconds left.
|
|move|p1a: Zapdos|Hidden Power|p2a: Steelix
|-damage|p2a: Steelix|42\/100
|move|p2a: Steelix|Body Slam|p1a: Zapdos
|-damage|p1a: Zapdos|82\/100
|-status|p1a: Zapdos|par
|
|-heal|p2a: Steelix|49\/100|[from] item: Leftovers
|-heal|p1a: Zapdos|88\/100 par|[from] item: Leftovers
|upkeep
|turn|29
|inactive|Krayon Pop has 75 seconds left.
|inactive|Lavos has 285 seconds left.
|inactive|Krayon Pop has 60 seconds left.
|inactive|Lavos has 270 seconds left.
|inactive|Krayon Pop has 45 seconds left.
|inactive|Lavos has 255 seconds left.
|
|switch|p2a: Jynx|Jynx, F|100\/100
|-damage|p2a: Jynx|88\/100|[from] Spikes
|cant|p1a: Zapdos|par
|
|-heal|p2a: Jynx|94\/100|[from] item: Leftovers
|-heal|p1a: Zapdos|94\/100 par|[from] item: Leftovers
|upkeep
|turn|30
|inactive|Krayon Pop has 30 seconds left.
|inactive|Krayon Pop has 20 seconds left.
|inactive|Krayon Pop has 15 seconds left.
|
|switch|p1a: Snorlax|Snorlax, M|100\/100
|-damage|p1a: Snorlax|88\/100|[from] Spikes
|move|p2a: Jynx|Substitute|p2a: Jynx
|-start|p2a: Jynx|Substitute
|-damage|p2a: Jynx|69\/100
|
|-heal|p2a: Jynx|75\/100|[from] item: Leftovers
|-heal|p1a: Snorlax|94\/100|[from] item: Leftovers
|upkeep
|turn|31
|inactive|Krayon Pop has 20 seconds left.
|
|switch|p1a: Gengar|Gengar, M|100\/100
|-damage|p1a: Gengar|88\/100|[from] Spikes
|move|p2a: Jynx|Lovely Kiss|p1a: Gengar
|-status|p1a: Gengar|slp
|
|-heal|p1a: Gengar|94\/100 slp|[from] item: Leftovers
|-heal|p2a: Jynx|81\/100|[from] item: Leftovers
|upkeep
|turn|32
|
|switch|p1a: Snorlax|Snorlax, M|94\/100
|-damage|p1a: Snorlax|82\/100|[from] Spikes
|move|p2a: Jynx|Ice Beam|p1a: Snorlax
|-damage|p1a: Snorlax|59\/100
|-status|p1a: Snorlax|frz
|
|-heal|p2a: Jynx|87\/100|[from] item: Leftovers
|-heal|p1a: Snorlax|66\/100 frz|[from] item: Leftovers
|upkeep
|turn|33
|inactive|Krayon Pop has 30 seconds left.
|
|move|p2a: Jynx|Psychic|p1a: Snorlax
|-damage|p1a: Snorlax|45\/100 frz
|-unboost|p1a: Snorlax|spd|1
|cant|p1a: Snorlax|frz
|
|-heal|p2a: Jynx|93\/100|[from] item: Leftovers
|-heal|p1a: Snorlax|51\/100 frz|[from] item: Leftovers
|upkeep
|turn|34
|
|move|p2a: Jynx|Ice Beam|p1a: Snorlax
|-damage|p1a: Snorlax|17\/100 frz
|cant|p1a: Snorlax|frz
|
|-heal|p2a: Jynx|99\/100|[from] item: Leftovers
|-heal|p1a: Snorlax|23\/100 frz|[from] item: Leftovers
|upkeep
|turn|35
|inactive|Krayon Pop has 30 seconds left.
|
|move|p2a: Jynx|Ice Beam|p1a: Snorlax
|-damage|p1a: Snorlax|0 fnt
|faint|p1a: Snorlax
|inactive|Krayon Pop has 30 seconds left.
|
|switch|p1a: Espeon|Espeon, M|100\/100
|-damage|p1a: Espeon|88\/100|[from] Spikes
|
|-heal|p1a: Espeon|94\/100|[from] item: Leftovers
|-heal|p2a: Jynx|100\/100|[from] item: Leftovers
|upkeep
|turn|36
|inactive|Lavos has 285 seconds left.
|inactive|Lavos has 270 seconds left.
|inactive|Lavos has 255 seconds left.
|inactive|Lavos has 240 seconds left.
|
|move|p1a: Espeon|Growth|p1a: Espeon
|-boost|p1a: Espeon|spa|1
|move|p2a: Jynx|Ice Beam|p1a: Espeon
|-damage|p1a: Espeon|55\/100
|
|-heal|p1a: Espeon|61\/100|[from] item: Leftovers
|upkeep
|turn|37
|inactive|Krayon Pop has 45 seconds left.
|inactive|Lavos has 285 seconds left.
|inactive|Krayon Pop has 30 seconds left.
|inactive|Lavos has 270 seconds left.
|inactive|Krayon Pop has 20 seconds left.
|inactive|Krayon Pop has 15 seconds left.
|inactive|Lavos has 255 seconds left.
|
|move|p1a: Espeon|Growth|p1a: Espeon
|-boost|p1a: Espeon|spa|1
|move|p2a: Jynx|Ice Beam|p1a: Espeon
|-damage|p1a: Espeon|20\/100
|
|-heal|p1a: Espeon|26\/100|[from] item: Leftovers
|upkeep
|turn|38
|inactive|Krayon Pop has 20 seconds left.
|inactive|Lavos has 255 seconds left.
|
|move|p1a: Espeon|Morning Sun|p1a: Espeon
|-heal|p1a: Espeon|76\/100
|move|p2a: Jynx|Ice Beam|p1a: Espeon
|-damage|p1a: Espeon|33\/100
|
|-heal|p1a: Espeon|39\/100|[from] item: Leftovers
|upkeep
|turn|39
|
|move|p1a: Espeon|Morning Sun|p1a: Espeon
|-heal|p1a: Espeon|89\/100
|move|p2a: Jynx|Ice Beam|p1a: Espeon
|-damage|p1a: Espeon|51\/100
|
|-heal|p1a: Espeon|57\/100|[from] item: Leftovers
|upkeep
|turn|40
|inactive|Krayon Pop has 30 seconds left.
|inactive|Lavos has 270 seconds left.
|inactive|Krayon Pop has 20 seconds left.
|
|move|p1a: Espeon|Hidden Power|p2a: Jynx
|-end|p2a: Jynx|Substitute
|move|p2a: Jynx|Ice Beam|p1a: Espeon
|-damage|p1a: Espeon|18\/100
|-status|p1a: Espeon|frz
|
|-heal|p1a: Espeon|24\/100 frz|[from] item: Leftovers
|upkeep
|turn|41
|inactive|Krayon Pop has 20 seconds left.
|
|cant|p1a: Espeon|frz
|move|p2a: Jynx|Ice Beam|p1a: Espeon
|-damage|p1a: Espeon|0 fnt
|faint|p1a: Espeon
|
|switch|p1a: Zapdos|Zapdos|94\/100 par
|
|-heal|p1a: Zapdos|99\/100 par|[from] item: Leftovers
|upkeep
|turn|42
|
|move|p2a: Jynx|Substitute|p2a: Jynx
|-start|p2a: Jynx|Substitute
|-damage|p2a: Jynx|76\/100
|cant|p1a: Zapdos|par
|
|-heal|p2a: Jynx|82\/100|[from] item: Leftovers
|-heal|p1a: Zapdos|100\/100 par|[from] item: Leftovers
|upkeep
|turn|43
|
|move|p2a: Jynx|Ice Beam|p1a: Zapdos
|-supereffective|p1a: Zapdos
|-damage|p1a: Zapdos|29\/100 par
|move|p1a: Zapdos|Thunder|p2a: Jynx
|-end|p2a: Jynx|Substitute
|
|-heal|p2a: Jynx|88\/100|[from] item: Leftovers
|-heal|p1a: Zapdos|35\/100 par|[from] item: Leftovers
|upkeep
|turn|44
|
|move|p2a: Jynx|Ice Beam|p1a: Zapdos
|-supereffective|p1a: Zapdos
|-damage|p1a: Zapdos|0 fnt
|faint|p1a: Zapdos
|c|☆Krayon Pop|gg
|inactive|Krayon Pop has 60 seconds left.
|-message|Krayon Pop forfeited.
|
|win|Lavos
|c|☆Lavos|yeah, gg
|c|☆Lavos|sorry about the bullshit
</script>
</div>
<div class="battle-log battle-log-inline"><div class="inner"><div class="battle-options"></div><div class="inner"><div class="chat message-error">Battle timer is ON: inactive players will automatically lose when time's up.</div><div class=""><small>Format:</small> <br><strong>[Gen 2] OU</strong></div><div class=""><small><em>Sleep Clause Mod:</em> Limit one foe put to sleep</small></div><div class=""><small><em>Freeze Clause Mod:</em> Limit one foe frozen</small></div><div class=""><small><em>Species Clause:</em> Limit one of each Pokémon</small></div><div class=""><small><em>OHKO Clause:</em> OHKO moves are banned</small></div><div class=""><small><em>Evasion Moves Clause:</em> Evasion moves are banned</small></div><div class=""><small><em>HP Percentage Mod:</em> HP is shown in percentages</small></div><div class="spacer battle-history"><br></div><div class="battle-history">Battle started between Krayon Pop and Lavos!<br></div><div class="spacer battle-history"><br></div><div class="battle-history">Go! <strong>Zapdos</strong>!<br></div><div class="spacer battle-history"><br></div><div class="battle-history">Lavos sent out <strong>Zapdos</strong>!<br></div><div class="spacer battle-history"><br></div><h2 class="battle-history">Turn 1</h2><div class="chat chatmessage-lavos"><strong style="color:#489e0e"><small>☆</small><span class="username" data-name="Lavos">Lavos</span>:</strong> <em>gl hf</em></div><div class="chat chatmessage-sweetposho"><strong style="color:#c14655"><small>+</small><span class="username" data-name="SweetPosho♥">SweetPosho♥</span>:</strong> <em>KRAYON</em></div><div class="chat chatmessage-sweetposho"><strong style="color:#c14655"><small>+</small><span class="username" data-name="SweetPosho♥">SweetPosho♥</span>:</strong> <em>POP</em></div><div class="chat chatmessage-krayonpop"><strong style="color:#56a82a"><small>☆</small><span class="username" data-name="Krayon Pop">Krayon Pop</span>:</strong> <em>you too</em></div><div class="chat chatmessage-sweetposho"><strong style="color:#c14655"><small>+</small><span class="username" data-name="SweetPosho♥">SweetPosho♥</span>:</strong> <em>POOP</em></div><div class="chat chatmessage-suapah"><strong style="color:#69a52c"><small>+</small><span class="username" data-name="sua!pah">sua!pah</span>:</strong> <em>KRAYON</em></div><div class="chat chatmessage-xray"><strong style="color:#1975d7"><small>+</small><span class="username" data-name="xray">xray</span>:</strong> <em>rui *_*</em></div><div class="chat chatmessage-always"><strong style="color:#216bea"><small>+</small><span class="username" data-name="Always">Always</span>:</strong> <em>A7GOAT</em></div><div class="chat message-error">Krayon Pop has 285 seconds left.</div><div class="chat chatmessage-suapah"><strong style="color:#69a52c"><small>+</small><span class="username" data-name="sua!pah">sua!pah</span>:</strong> <em>lGI</em></div><div class="spacer battle-history"><br></div><div class="battle-history">Zapdos used <strong>Thunder</strong>!<br></div><div class="battle-history"><small>(The opposing Zapdos lost 42% of its health!)</small><br></div><div class="spacer battle-history"><br></div><div class="battle-history">The opposing Zapdos used <strong>Thunder</strong>!<br></div><div class="battle-history"><small>The opposing Zapdos's attack missed!</small><br></div><div class="spacer battle-history"><br></div><div class="battle-history"><small>The opposing Zapdos restored a little HP using its Leftovers!</small><br></div><div class="spacer battle-history"><br></div><h2 class="battle-history">Turn 2</h2><div class="chat chatmessage-sweetposho"><strong style="color:#c14655"><small>+</small><span class="username" data-name="SweetPosho♥">SweetPosho♥</span>:</strong> <em>go stan soojung</em></div><div class="chat chatmessage-hmlam"><strong style="color:#be3737"><small>+</small><span class="username" data-name="HML am">HML am</span>:</strong> <em>pop pop pop</em></div><div class="chat chatmessage-goatdon"><strong style="color:#19b5bb"><small>+</small><span class="username" data-name="GOATDON">GOATDON</span>:</strong> <em>oo</em></div><div class="chat message-error">Lavos has 285 seconds left.</div><div class="chat chatmessage-evann"><strong style="color:#8d31e3"><small>+</small><span class="username" data-name="Evann">Evann</span>:</strong> <em>THE ROOSTER</em></div><div class="spacer battle-history"><br></div><div class="battle-history">Lavos withdrew Zapdos!<br></div><div class="battle-history">Lavos sent out <strong>Snorlax</strong>!<br></div><div class="spacer battle-history"><br></div><div class="battle-history">Zapdos used <strong>Thunder</strong>!<br></div><div class="battle-history"><small>(The opposing Snorlax lost 32% of its health!)</small><br></div><div class="spacer battle-history"><br></div><div class="battle-history"><small>The opposing Snorlax restored a little HP using its Leftovers!</small><br></div><div class="spacer battle-history"><br></div><h2 class="battle-history">Turn 3</h2><div class="spacer battle-history"><br></div><div class="battle-history">Zapdos used <strong>Thunder</strong>!<br></div><div class="battle-history"><small>(The opposing Snorlax lost 31% of its health!)</small><br></div><div class="spacer battle-history"><br></div><div class="battle-history">The opposing Snorlax used <strong>Curse</strong>!<br></div><div class="battle-history"><small>The opposing Snorlax's Speed fell!</small><br></div><div class="battle-history"><small>The opposing Snorlax's Attack rose!</small><br></div><div class="battle-history"><small>The opposing Snorlax's Defense rose!</small><br></div><div class="spacer battle-history"><br></div><div class="battle-history"><small>The opposing Snorlax restored a little HP using its Leftovers!</small><br></div><div class="spacer battle-history"><br></div><h2 class="battle-history">Turn 4</h2><div class="chat chatmessage-sceptross"><strong style="color:#c75633"><small>+</small><span class="username" data-name="Sceptross">Sceptross</span>:</strong> <em>:o gl guys :3</em></div><div class="chat message-error">Krayon Pop has 285 seconds left.</div><div class="spacer battle-history"><br></div><div class="battle-history">Zapdos used <strong>Thunder</strong>!<br></div><div class="battle-history"><small>(The opposing Snorlax lost 32% of its health!)</small><br></div><div class="spacer battle-history"><br></div><div class="battle-history">The opposing Snorlax used <strong>Rest</strong>!<br></div><div class="battle-history"><small>The opposing Snorlax fell asleep!</small><br></div><div class="battle-history"><small>The opposing Snorlax slept and became healthy!</small><br></div><div class="spacer battle-history"><br></div><h2 class="battle-history">Turn 5</h2><div class="spacer battle-history"><br></div><div class="battle-history">Zapdos, come back!<br></div><div class="battle-history">Go! <strong>Cloyster</strong>!<br></div><div class="spacer battle-history"><br></div><div class="battle-history">The opposing Snorlax is fast asleep.<br></div><div class="spacer battle-history"><br></div><h2 class="battle-history">Turn 6</h2><div class="spacer battle-history"><br></div><div class="battle-history">Cloyster used <strong>Spikes</strong>!<br></div><div class="battle-history"><small>Spikes were scattered on the ground all around the opposing team!</small><br></div><div class="spacer battle-history"><br></div><div class="battle-history">The opposing Snorlax is fast asleep.<br></div><div class="spacer battle-history"><br></div><h2 class="battle-history">Turn 7</h2><div class="spacer battle-history"><br></div><div class="battle-history">Cloyster used <strong>Surf</strong>!<br></div><div class="battle-history"><small>(The opposing Snorlax lost 19% of its health!)</small><br></div><div class="battle-history"><small>The opposing Snorlax woke up!</small><br></div><div class="spacer battle-history"><br></div><div class="battle-history">The opposing Snorlax used <strong>Curse</strong>!<br></div><div class="battle-history"><small>The opposing Snorlax's Speed fell!</small><br></div><div class="battle-history"><small>The opposing Snorlax's Attack rose!</small><br></div><div class="battle-history"><small>The opposing Snorlax's Defense rose!</small><br></div><div class="spacer battle-history"><br></div><div class="battle-history"><small>The opposing Snorlax restored a little HP using its Leftovers!</small><br></div><div class="spacer battle-history"><br></div><h2 class="battle-history">Turn 8</h2><div class="spacer battle-history"><br></div><div class="battle-history">Cloyster used <strong>Toxic</strong>!<br></div><div class="battle-history"><small>The opposing Snorlax was badly poisoned!</small><br></div><div class="spacer battle-history"><br></div><div class="battle-history">The opposing Snorlax used <strong>Double-Edge</strong>!<br></div><div class="battle-history"><small>(Cloyster lost 61% of its health!)</small><br></div><div class="battle-history"><small>The opposing Snorlax was damaged by the recoil!</small><br></div><div class="battle-history"><small>The opposing Snorlax was hurt by poison!</small><br></div><div class="spacer battle-history"><br></div><div class="battle-history"><small>Cloyster restored a little HP using its Leftovers!</small><br></div><div class="battle-history"><small>The opposing Snorlax restored a little HP using its Leftovers!</small><br></div><div class="spacer battle-history"><br></div><h2 class="battle-history">Turn 9</h2><div class="chat message-error">Krayon Pop has 285 seconds left.</div><div class="chat message-error">Krayon Pop has 270 seconds left.</div><div class="chat message-error">Krayon Pop has 255 seconds left.</div><div class="chat chatmessage-thepdcshow"><strong style="color:#26b6b9"><small>+</small><span class="username" data-name="THE PDC SHOW">THE PDC SHOW</span>:</strong> <em>WAIT</em></div><div class="chat chatmessage-thepdcshow"><strong style="color:#26b6b9"><small>+</small><span class="username" data-name="THE PDC SHOW">THE PDC SHOW</span>:</strong> <em>RUI</em></div><div class="spacer battle-history"><br></div><div class="battle-history">Cloyster, come back!<br></div><div class="battle-history">Go! <strong>Rhydon</strong>!<br></div><div class="spacer battle-history"><br></div><div class="battle-history">The opposing Snorlax used <strong>Double-Edge</strong>!<br></div><div class="battle-history"><small>It's not very effective...</small><br></div><div class="battle-history"><small>(Rhydon lost 31% of its health!)</small><br></div><div class="battle-history"><small>The opposing Snorlax was damaged by the recoil!</small><br></div><div class="battle-history"><small>The opposing Snorlax was hurt by poison!</small><br></div><div class="spacer battle-history"><br></div><div class="battle-history"><small>Rhydon restored a little HP using its Leftovers!</small><br></div><div class="battle-history"><small>The opposing Snorlax restored a little HP using its Leftovers!</small><br></div><div class="spacer battle-history"><br></div><h2 class="battle-history">Turn 10</h2><div class="chat"><div class="broadcast-red"><strong>Moderated chat was set to ☆!</strong><br>Only users of rank ☆ and higher can talk.</div></div><div class="chat message-error">Krayon Pop has 255 seconds left.</div><div class="chat message-error">Lavos has 285 seconds left.</div><div class="chat message-error">Krayon Pop has 240 seconds left.</div><div class="spacer battle-history"><br></div><div class="battle-history">Rhydon, come back!<br></div><div class="battle-history">Go! <strong>Cloyster</strong>!<br></div><div class="spacer battle-history"><br></div><div class="battle-history">The opposing Snorlax used <strong>Rest</strong>!<br></div><div class="battle-history"><small>The opposing Snorlax fell asleep!</small><br></div><div class="battle-history"><small>The opposing Snorlax slept and became healthy!</small><br></div><div class="spacer battle-history"><br></div><div class="battle-history"><small>Cloyster restored a little HP using its Leftovers!</small><br></div><div class="spacer battle-history"><br></div><h2 class="battle-history">Turn 11</h2><div class="spacer battle-history"><br></div><div class="battle-history">Cloyster, come back!<br></div><div class="battle-history">Go! <strong>Rhydon</strong>!<br></div><div class="spacer battle-history"><br></div><div class="battle-history">The opposing Snorlax is fast asleep.<br></div><div class="spacer battle-history"><br></div><div class="battle-history"><small>Rhydon restored a little HP using its Leftovers!</small><br></div><div class="spacer battle-history"><br></div><h2 class="battle-history">Turn 12</h2><div class="spacer battle-history"><br></div><div class="battle-history">The opposing Snorlax is fast asleep.<br></div><div class="spacer battle-history"><br></div><div class="battle-history">Rhydon used <strong>Roar</strong>!<br></div><div class="spacer battle-history"><br></div><div class="battle-history"><strong>Steelix</strong> was dragged out!<br></div><div class="battle-history"><small>The opposing Steelix was hurt by the spikes!</small><br></div><div class="spacer battle-history"><br></div><div class="battle-history"><small>Rhydon restored a little HP using its Leftovers!</small><br></div><div class="battle-history"><small>The opposing Steelix restored a little HP using its Leftovers!</small><br></div><div class="spacer battle-history"><br></div><h2 class="battle-history">Turn 13</h2><div class="chat message-error">Lavos has 285 seconds left.</div><div class="spacer battle-history"><br></div><div class="battle-history">Rhydon, come back!<br></div><div class="battle-history">Go! <strong>Zapdos</strong>!<br></div><div class="spacer battle-history"><br></div><div class="battle-history">The opposing Steelix used <strong>Earthquake</strong>!<br></div><div class="battle-history"><small>It doesn't affect Zapdos...</small><br></div><div class="spacer battle-history"><br></div><div class="battle-history"><small>The opposing Steelix restored a little HP using its Leftovers!</small><br></div><div class="spacer battle-history"><br></div><h2 class="battle-history">Turn 14</h2><div class="chat message-error">Krayon Pop has 270 seconds left.</div><div class="spacer battle-history"><br></div><div class="battle-history">Zapdos, come back!<br></div><div class="battle-history">Go! <strong>Cloyster</strong>!<br></div><div class="spacer battle-history"><br></div><div class="battle-history">The opposing Steelix used <strong>Body Slam</strong>!<br></div><div class="battle-history"><small>(Cloyster lost 13% of its health!)</small><br></div><div class="spacer battle-history"><br></div><div class="battle-history"><small>Cloyster restored a little HP using its Leftovers!</small><br></div><div class="spacer battle-history"><br></div><h2 class="battle-history">Turn 15</h2><div class="chat message-error">Krayon Pop has 255 seconds left.</div><div class="spacer battle-history"><br></div><div class="battle-history">Lavos withdrew Steelix!<br></div><div class="battle-history">Lavos sent out <strong>Zapdos</strong>!<br></div><div class="spacer battle-history"><br></div><div class="battle-history">Cloyster used <strong>Toxic</strong>!<br></div><div class="battle-history"><small>The opposing Zapdos was badly poisoned!</small><br></div><div class="spacer battle-history"><br></div><div class="battle-history"><small>The opposing Zapdos restored a little HP using its Leftovers!</small><br></div><div class="battle-history"><small>Cloyster restored a little HP using its Leftovers!</small><br></div><div class="spacer battle-history"><br></div><h2 class="battle-history">Turn 16</h2><div class="spacer battle-history"><br></div><div class="battle-history">Lavos withdrew Zapdos!<br></div><div class="battle-history">Lavos sent out <strong>Cloyster</strong>!<br></div><div class="battle-history"><small>The opposing Cloyster was hurt by the spikes!</small><br></div><div class="spacer battle-history"><br></div><div class="battle-history">Cloyster, come back!<br></div><div class="battle-history">Go! <strong>Snorlax</strong>!<br></div><div class="spacer battle-history"><br></div><div class="battle-history"><small>The opposing Cloyster restored a little HP using its Leftovers!</small><br></div><div class="spacer battle-history"><br></div><h2 class="battle-history">Turn 17</h2><div class="spacer battle-history"><br></div><div class="battle-history">The opposing Cloyster used <strong>Spikes</strong>!<br></div><div class="battle-history"><small>Spikes were scattered on the ground all around your team!</small><br></div><div class="spacer battle-history"><br></div><div class="battle-history">Snorlax used <strong>Double-Edge</strong>!<br></div><div class="battle-history"><small>(The opposing Cloyster lost 30% of its health!)</small><br></div><div class="battle-history"><small>Snorlax was damaged by the recoil!</small><br></div><div class="spacer battle-history"><br></div><div class="battle-history"><small>The opposing Cloyster restored a little HP using its Leftovers!</small><br></div><div class="battle-history"><small>Snorlax restored a little HP using its Leftovers!</small><br></div><div class="spacer battle-history"><br></div><h2 class="battle-history">Turn 18</h2><div class="spacer battle-history"><br></div><div class="battle-history">Snorlax, come back!<br></div><div class="battle-history">Go! <strong>Gengar</strong>!<br></div><div class="battle-history"><small>Gengar was hurt by the spikes!</small><br></div><div class="spacer battle-history"><br></div><div class="battle-history">The opposing Cloyster used <strong>Toxic</strong>!<br></div><div class="battle-history"><small>It doesn't affect Gengar...</small><br></div><div class="spacer battle-history"><br></div><div class="battle-history"><small>Gengar restored a little HP using its Leftovers!</small><br></div><div class="battle-history"><small>The opposing Cloyster restored a little HP using its Leftovers!</small><br></div><div class="spacer battle-history"><br></div><h2 class="battle-history">Turn 19</h2><div class="chat message-error">Krayon Pop has 270 seconds left.</div><div class="chat message-error">Lavos has 285 seconds left.</div><div class="chat message-error">Krayon Pop has 255 seconds left.</div><div class="spacer battle-history"><br></div><div class="battle-history">Lavos withdrew Cloyster!<br></div><div class="battle-history">Lavos sent out <strong>Steelix</strong>!<br></div><div class="battle-history"><small>The opposing Steelix was hurt by the spikes!</small><br></div><div class="spacer battle-history"><br></div><div class="battle-history">Gengar used <strong>Dynamic Punch</strong>!<br></div><div class="battle-history"><small>It's super effective!</small><br></div><div class="battle-history"><small>(The opposing Steelix lost 22% of its health!)</small><br></div><div class="battle-history"><small>The opposing Steelix became confused!</small><br></div><div class="spacer battle-history"><br></div><div class="battle-history"><small>Gengar restored a little HP using its Leftovers!</small><br></div><div class="battle-history"><small>The opposing Steelix restored a little HP using its Leftovers!</small><br></div><div class="spacer battle-history"><br></div><h2 class="battle-history">Turn 20</h2><div class="spacer battle-history"><br></div><div class="battle-history">Gengar, come back!<br></div><div class="battle-history">Go! <strong>Zapdos</strong>!<br></div><div class="spacer battle-history"><br></div><div class="battle-history">Lavos withdrew Steelix!<br></div><div class="battle-history">Lavos sent out <strong>Snorlax</strong>!<br></div><div class="battle-history"><small>The opposing Snorlax was hurt by the spikes!</small><br></div><div class="spacer battle-history"><br></div><div class="battle-history"><small>The opposing Snorlax restored a little HP using its Leftovers!</small><br></div><div class="spacer battle-history"><br></div><h2 class="battle-history">Turn 21</h2><div class="chat message-error">Krayon Pop has 255 seconds left.</div><div class="chat message-error">Krayon Pop has 240 seconds left.</div><div class="spacer battle-history"><br></div><div class="battle-history">Zapdos used <strong>Thunder</strong>!<br></div><div class="battle-history"><small>Zapdos's attack missed!</small><br></div><div class="battle-history"><small>The opposing Snorlax woke up!</small><br></div><div class="spacer battle-history"><br></div><div class="battle-history">The opposing Snorlax used <strong>Curse</strong>!<br></div><div class="battle-history"><small>The opposing Snorlax's Speed fell!</small><br></div><div class="battle-history"><small>The opposing Snorlax's Attack rose!</small><br></div><div class="battle-history"><small>The opposing Snorlax's Defense rose!</small><br></div><div class="spacer battle-history"><br></div><div class="battle-history"><small>The opposing Snorlax restored a little HP using its Leftovers!</small><br></div><div class="spacer battle-history"><br></div><h2 class="battle-history">Turn 22</h2><div class="chat message-error">Krayon Pop has 240 seconds left.</div><div class="chat message-error">Krayon Pop has 225 seconds left.</div><div class="chat message-error">Krayon Pop has 210 seconds left.</div><div class="chat message-error">Krayon Pop has 195 seconds left.</div><div class="chat message-error">Krayon Pop has 180 seconds left.</div><div class="spacer battle-history"><br></div><div class="battle-history">Zapdos used <strong>Thunder</strong>!<br></div><div class="battle-history"><small>(The opposing Snorlax lost 28% of its health!)</small><br></div><div class="spacer battle-history"><br></div><div class="battle-history">The opposing Snorlax used <strong>Curse</strong>!<br></div><div class="battle-history"><small>The opposing Snorlax's Speed fell!</small><br></div><div class="battle-history"><small>The opposing Snorlax's Attack rose!</small><br></div><div class="battle-history"><small>The opposing Snorlax's Defense rose!</small><br></div><div class="spacer battle-history"><br></div><div class="battle-history"><small>The opposing Snorlax restored a little HP using its Leftovers!</small><br></div><div class="spacer battle-history"><br></div><h2 class="battle-history">Turn 23</h2><div class="chat message-error">Krayon Pop has 180 seconds left.</div><div class="chat message-error">Lavos has 285 seconds left.</div><div class="chat message-error">Krayon Pop has 165 seconds left.</div><div class="chat message-error">Krayon Pop has 150 seconds left.</div><div class="chat message-error">Krayon Pop has 135 seconds left.</div><div class="spacer battle-history"><br></div><div class="battle-history">Zapdos, come back!<br></div><div class="battle-history">Go! <strong>Rhydon</strong>!<br></div><div class="battle-history"><small>Rhydon was hurt by the spikes!</small><br></div><div class="spacer battle-history"><br></div><div class="battle-history">The opposing Snorlax used <strong>Double-Edge</strong>!<br></div><div class="battle-history"><small>It's not very effective...</small><br></div><div class="battle-history"><small>(Rhydon lost 29% of its health!)</small><br></div><div class="battle-history"><small>The opposing Snorlax was damaged by the recoil!</small><br></div><div class="spacer battle-history"><br></div><div class="battle-history"><small>Rhydon restored a little HP using its Leftovers!</small><br></div><div class="battle-history"><small>The opposing Snorlax restored a little HP using its Leftovers!</small><br></div><div class="spacer battle-history"><br></div><h2 class="battle-history">Turn 24</h2><div class="chat message-error">Krayon Pop has 135 seconds left.</div><div class="chat message-error">Lavos has 285 seconds left.</div><div class="chat message-error">Krayon Pop has 120 seconds left.</div><div class="chat message-error">Lavos has 270 seconds left.</div><div class="chat message-error">Krayon Pop has 105 seconds left.</div><div class="spacer battle-history"><br></div><div class="battle-history">Rhydon used <strong>Curse</strong>!<br></div><div class="battle-history"><small>Rhydon's Speed fell!</small><br></div><div class="battle-history"><small>Rhydon's Attack rose!</small><br></div><div class="battle-history"><small>Rhydon's Defense rose!</small><br></div><div class="spacer battle-history"><br></div><div class="battle-history">The opposing Snorlax used <strong>Earthquake</strong>!<br></div><div class="battle-history"><small>It's super effective!</small><br></div><div class="battle-history"><small>(Rhydon lost 47% of its health!)</small><br></div><div class="spacer battle-history"><br></div><div class="battle-history"><small>Rhydon restored a little HP using its Leftovers!</small><br></div><div class="battle-history"><small>The opposing Snorlax restored a little HP using its Leftovers!</small><br></div><div class="spacer battle-history"><br></div><h2 class="battle-history">Turn 25</h2><div class="spacer battle-history"><br></div><div class="battle-history">Rhydon used <strong>Earthquake</strong>!<br></div><div class="battle-history"><small>(The opposing Snorlax lost 25% of its health!)</small><br></div><div class="spacer battle-history"><br></div><div class="battle-history">The opposing Snorlax used <strong>Earthquake</strong>!<br></div><div class="battle-history"><small>It's super effective!</small><br></div><div class="battle-history"><small>(Rhydon lost 11% of its health!)</small><br></div><div class="spacer battle-history"><br></div><div class="battle-history">Rhydon fainted!<br></div><div class="chat message-error">Krayon Pop has 105 seconds left.</div><div class="spacer battle-history"><br></div><div class="battle-history">Go! <strong>Cloyster</strong>!<br></div><div class="battle-history"><small>Cloyster was hurt by the spikes!</small><br></div><div class="spacer battle-history"><br></div><div class="battle-history"><small>Cloyster restored a little HP using its Leftovers!</small><br></div><div class="battle-history"><small>The opposing Snorlax restored a little HP using its Leftovers!</small><br></div><div class="spacer battle-history"><br></div><h2 class="battle-history">Turn 26</h2><div class="chat message-error">Krayon Pop has 90 seconds left.</div><div class="chat message-error">Lavos has 285 seconds left.</div><div class="spacer battle-history"><br></div><div class="battle-history">Cloyster used <strong>Explosion</strong>!<br></div><div class="battle-history"><small>(The opposing Snorlax lost 48% of its health!)</small><br></div><div class="spacer battle-history"><br></div><div class="battle-history">Cloyster fainted!<br></div><div class="chat message-error">Krayon Pop has 90 seconds left.</div><div class="spacer battle-history"><br></div><div class="battle-history">Go! <strong>Zapdos</strong>!<br></div><div class="spacer battle-history"><br></div><div class="battle-history"><small>The opposing Snorlax restored a little HP using its Leftovers!</small><br></div><div class="spacer battle-history"><br></div><h2 class="battle-history">Turn 27</h2><div class="chat message-error">Lavos has 285 seconds left.</div><div class="spacer battle-history"><br></div><div class="battle-history">Lavos withdrew Snorlax!<br></div><div class="battle-history">Lavos sent out <strong>Steelix</strong>!<br></div><div class="battle-history"><small>The opposing Steelix was hurt by the spikes!</small><br></div><div class="spacer battle-history"><br></div><div class="battle-history">Zapdos used <strong>Thunder</strong>!<br></div><div class="battle-history"><small>It doesn't affect the opposing Steelix...</small><br></div><div class="spacer battle-history"><br></div><div class="battle-history"><small>The opposing Steelix restored a little HP using its Leftovers!</small><br></div><div class="spacer battle-history"><br></div><h2 class="battle-history">Turn 28</h2><div class="chat message-error">Krayon Pop has 90 seconds left.</div><div class="chat message-error">Lavos has 285 seconds left.</div><div class="chat message-error">Krayon Pop has 75 seconds left.</div><div class="chat message-error">Lavos has 270 seconds left.</div><div class="spacer battle-history"><br></div><div class="battle-history">Zapdos used <strong>Hidden Power</strong>!<br></div><div class="battle-history"><small>(The opposing Steelix lost 24% of its health!)</small><br></div><div class="spacer battle-history"><br></div><div class="battle-history">The opposing Steelix used <strong>Body Slam</strong>!<br></div><div class="battle-history"><small>(Zapdos lost 18% of its health!)</small><br></div><div class="battle-history"><small>Zapdos is paralyzed! It may be unable to move!</small><br></div><div class="spacer battle-history"><br></div><div class="battle-history"><small>The opposing Steelix restored a little HP using its Leftovers!</small><br></div><div class="battle-history"><small>Zapdos restored a little HP using its Leftovers!</small><br></div><div class="spacer battle-history"><br></div><h2 class="battle-history">Turn 29</h2><div class="chat message-error">Krayon Pop has 75 seconds left.</div><div class="chat message-error">Lavos has 285 seconds left.</div><div class="chat message-error">Krayon Pop has 60 seconds left.</div><div class="chat message-error">Lavos has 270 seconds left.</div><div class="chat message-error">Krayon Pop has 45 seconds left.</div><div class="chat message-error">Lavos has 255 seconds left.</div><div class="spacer battle-history"><br></div><div class="battle-history">Lavos withdrew Steelix!<br></div><div class="battle-history">Lavos sent out <strong>Jynx</strong>!<br></div><div class="battle-history"><small>The opposing Jynx was hurt by the spikes!</small><br></div><div class="spacer battle-history"><br></div><div class="battle-history">Zapdos is paralyzed! It can't move!<br></div><div class="spacer battle-history"><br></div><div class="battle-history"><small>The opposing Jynx restored a little HP using its Leftovers!</small><br></div><div class="battle-history"><small>Zapdos restored a little HP using its Leftovers!</small><br></div><div class="spacer battle-history"><br></div><h2 class="battle-history">Turn 30</h2><div class="chat message-error">Krayon Pop has 30 seconds left.</div><div class="chat message-error">Krayon Pop has 20 seconds left.</div><div class="chat message-error">Krayon Pop has 15 seconds left.</div><div class="spacer battle-history"><br></div><div class="battle-history">Zapdos, come back!<br></div><div class="battle-history">Go! <strong>Snorlax</strong>!<br></div><div class="battle-history"><small>Snorlax was hurt by the spikes!</small><br></div><div class="spacer battle-history"><br></div><div class="battle-history">The opposing Jynx used <strong>Substitute</strong>!<br></div><div class="battle-history"><small>The opposing Jynx put in a substitute!</small><br></div><div class="battle-history"><small>(The opposing Jynx lost 25% of its health!)</small><br></div><div class="spacer battle-history"><br></div><div class="battle-history"><small>The opposing Jynx restored a little HP using its Leftovers!</small><br></div><div class="battle-history"><small>Snorlax restored a little HP using its Leftovers!</small><br></div><div class="spacer battle-history"><br></div><h2 class="battle-history">Turn 31</h2><div class="chat message-error">Krayon Pop has 20 seconds left.</div><div class="spacer battle-history"><br></div><div class="battle-history">Snorlax, come back!<br></div><div class="battle-history">Go! <strong>Gengar</strong>!<br></div><div class="battle-history"><small>Gengar was hurt by the spikes!</small><br></div><div class="spacer battle-history"><br></div><div class="battle-history">The opposing Jynx used <strong>Lovely Kiss</strong>!<br></div><div class="battle-history"><small>Gengar fell asleep!</small><br></div><div class="spacer battle-history"><br></div><div class="battle-history"><small>Gengar restored a little HP using its Leftovers!</small><br></div><div class="battle-history"><small>The opposing Jynx restored a little HP using its Leftovers!</small><br></div><div class="spacer battle-history"><br></div><h2 class="battle-history">Turn 32</h2><div class="spacer battle-history"><br></div><div class="battle-history">Gengar, come back!<br></div><div class="battle-history">Go! <strong>Snorlax</strong>!<br></div><div class="battle-history"><small>Snorlax was hurt by the spikes!</small><br></div><div class="spacer battle-history"><br></div><div class="battle-history">The opposing Jynx used <strong>Ice Beam</strong>!<br></div><div class="battle-history"><small>(Snorlax lost 23% of its health!)</small><br></div><div class="battle-history"><small>Snorlax was frozen solid!</small><br></div><div class="spacer battle-history"><br></div><div class="battle-history"><small>The opposing Jynx restored a little HP using its Leftovers!</small><br></div><div class="battle-history"><small>Snorlax restored a little HP using its Leftovers!</small><br></div><div class="spacer battle-history"><br></div><h2 class="battle-history">Turn 33</h2><div class="chat message-error">Krayon Pop has 30 seconds left.</div><div class="spacer battle-history"><br></div><div class="battle-history">The opposing Jynx used <strong>Psychic</strong>!<br></div><div class="battle-history"><small>(Snorlax lost 21% of its health!)</small><br></div><div class="battle-history"><small>Snorlax's Sp. Def fell!</small><br></div><div class="spacer battle-history"><br></div><div class="battle-history">Snorlax is frozen solid!<br></div><div class="spacer battle-history"><br></div><div class="battle-history"><small>The opposing Jynx restored a little HP using its Leftovers!</small><br></div><div class="battle-history"><small>Snorlax restored a little HP using its Leftovers!</small><br></div><div class="spacer battle-history"><br></div><h2 class="battle-history">Turn 34</h2><div class="spacer battle-history"><br></div><div class="battle-history">The opposing Jynx used <strong>Ice Beam</strong>!<br></div><div class="battle-history"><small>(Snorlax lost 34% of its health!)</small><br></div><div class="spacer battle-history"><br></div><div class="battle-history">Snorlax is frozen solid!<br></div><div class="spacer battle-history"><br></div><div class="battle-history"><small>The opposing Jynx restored a little HP using its Leftovers!</small><br></div><div class="battle-history"><small>Snorlax restored a little HP using its Leftovers!</small><br></div><div class="spacer battle-history"><br></div><h2 class="battle-history">Turn 35</h2><div class="chat message-error">Krayon Pop has 30 seconds left.</div><div class="spacer battle-history"><br></div><div class="battle-history">The opposing Jynx used <strong>Ice Beam</strong>!<br></div><div class="battle-history"><small>(Snorlax lost 23% of its health!)</small><br></div><div class="spacer battle-history"><br></div><div class="battle-history">Snorlax fainted!<br></div><div class="chat message-error">Krayon Pop has 30 seconds left.</div><div class="spacer battle-history"><br></div><div class="battle-history">Go! <strong>Espeon</strong>!<br></div><div class="battle-history"><small>Espeon was hurt by the spikes!</small><br></div><div class="spacer battle-history"><br></div><div class="battle-history"><small>Espeon restored a little HP using its Leftovers!</small><br></div><div class="battle-history"><small>The opposing Jynx restored a little HP using its Leftovers!</small><br></div><div class="spacer battle-history"><br></div><h2 class="battle-history">Turn 36</h2><div class="chat message-error">Lavos has 285 seconds left.</div><div class="chat message-error">Lavos has 270 seconds left.</div><div class="chat message-error">Lavos has 255 seconds left.</div><div class="chat message-error">Lavos has 240 seconds left.</div><div class="spacer battle-history"><br></div><div class="battle-history">Espeon used <strong>Growth</strong>!<br></div><div class="battle-history"><small>Espeon's Sp. Atk rose!</small><br></div><div class="spacer battle-history"><br></div><div class="battle-history">The opposing Jynx used <strong>Ice Beam</strong>!<br></div><div class="battle-history"><small>(Espeon lost 39% of its health!)</small><br></div><div class="spacer battle-history"><br></div><div class="battle-history"><small>Espeon restored a little HP using its Leftovers!</small><br></div><div class="spacer battle-history"><br></div><h2 class="battle-history">Turn 37</h2><div class="chat message-error">Krayon Pop has 45 seconds left.</div><div class="chat message-error">Lavos has 285 seconds left.</div><div class="chat message-error">Krayon Pop has 30 seconds left.</div><div class="chat message-error">Lavos has 270 seconds left.</div><div class="chat message-error">Krayon Pop has 20 seconds left.</div><div class="chat message-error">Krayon Pop has 15 seconds left.</div><div class="chat message-error">Lavos has 255 seconds left.</div><div class="spacer battle-history"><br></div><div class="battle-history">Espeon used <strong>Growth</strong>!<br></div><div class="battle-history"><small>Espeon's Sp. Atk rose!</small><br></div><div class="spacer battle-history"><br></div><div class="battle-history">The opposing Jynx used <strong>Ice Beam</strong>!<br></div><div class="battle-history"><small>(Espeon lost 41% of its health!)</small><br></div><div class="spacer battle-history"><br></div><div class="battle-history"><small>Espeon restored a little HP using its Leftovers!</small><br></div><div class="spacer battle-history"><br></div><h2 class="battle-history">Turn 38</h2><div class="chat message-error">Krayon Pop has 20 seconds left.</div><div class="chat message-error">Lavos has 255 seconds left.</div><div class="spacer battle-history"><br></div><div class="battle-history">Espeon used <strong>Morning Sun</strong>!<br></div><div class="battle-history"><small>Espeon had its HP restored.</small><br></div><div class="spacer battle-history"><br></div><div class="battle-history">The opposing Jynx used <strong>Ice Beam</strong>!<br></div><div class="battle-history"><small>(Espeon lost 43% of its health!)</small><br></div><div class="spacer battle-history"><br></div><div class="battle-history"><small>Espeon restored a little HP using its Leftovers!</small><br></div><div class="spacer battle-history"><br></div><h2 class="battle-history">Turn 39</h2><div class="spacer battle-history"><br></div><div class="battle-history">Espeon used <strong>Morning Sun</strong>!<br></div><div class="battle-history"><small>Espeon had its HP restored.</small><br></div><div class="spacer battle-history"><br></div><div class="battle-history">The opposing Jynx used <strong>Ice Beam</strong>!<br></div><div class="battle-history"><small>(Espeon lost 38% of its health!)</small><br></div><div class="spacer battle-history"><br></div><div class="battle-history"><small>Espeon restored a little HP using its Leftovers!</small><br></div><div class="spacer battle-history"><br></div><h2 class="battle-history">Turn 40</h2><div class="chat message-error">Krayon Pop has 30 seconds left.</div><div class="chat message-error">Lavos has 270 seconds left.</div><div class="chat message-error">Krayon Pop has 20 seconds left.</div><div class="spacer battle-history"><br></div><div class="battle-history">Espeon used <strong>Hidden Power</strong>!<br></div><div class="battle-history"><small>The opposing Jynx's substitute faded!</small><br></div><div class="spacer battle-history"><br></div><div class="battle-history">The opposing Jynx used <strong>Ice Beam</strong>!<br></div><div class="battle-history"><small>(Espeon lost 39% of its health!)</small><br></div><div class="battle-history"><small>Espeon was frozen solid!</small><br></div><div class="spacer battle-history"><br></div><div class="battle-history"><small>Espeon restored a little HP using its Leftovers!</small><br></div><div class="spacer battle-history"><br></div><h2 class="battle-history">Turn 41</h2><div class="chat message-error">Krayon Pop has 20 seconds left.</div><div class="spacer battle-history"><br></div><div class="battle-history">Espeon is frozen solid!<br></div><div class="spacer battle-history"><br></div><div class="battle-history">The opposing Jynx used <strong>Ice Beam</strong>!<br></div><div class="battle-history"><small>(Espeon lost 24% of its health!)</small><br></div><div class="spacer battle-history"><br></div><div class="battle-history">Espeon fainted!<br></div><div class="spacer battle-history"><br></div><div class="battle-history">Go! <strong>Zapdos</strong>!<br></div><div class="spacer battle-history"><br></div><div class="battle-history"><small>Zapdos restored a little HP using its Leftovers!</small><br></div><div class="spacer battle-history"><br></div><h2 class="battle-history">Turn 42</h2><div class="spacer battle-history"><br></div><div class="battle-history">The opposing Jynx used <strong>Substitute</strong>!<br></div><div class="battle-history"><small>The opposing Jynx put in a substitute!</small><br></div><div class="battle-history"><small>(The opposing Jynx lost 24% of its health!)</small><br></div><div class="spacer battle-history"><br></div><div class="battle-history">Zapdos is paralyzed! It can't move!<br></div><div class="spacer battle-history"><br></div><div class="battle-history"><small>The opposing Jynx restored a little HP using its Leftovers!</small><br></div><div class="battle-history"><small>Zapdos restored a little HP using its Leftovers!</small><br></div><div class="spacer battle-history"><br></div><h2 class="battle-history">Turn 43</h2><div class="spacer battle-history"><br></div><div class="battle-history">The opposing Jynx used <strong>Ice Beam</strong>!<br></div><div class="battle-history"><small>It's super effective!</small><br></div><div class="battle-history"><small>(Zapdos lost 71% of its health!)</small><br></div><div class="spacer battle-history"><br></div><div class="battle-history">Zapdos used <strong>Thunder</strong>!<br></div><div class="battle-history"><small>The opposing Jynx's substitute faded!</small><br></div><div class="spacer battle-history"><br></div><div class="battle-history"><small>The opposing Jynx restored a little HP using its Leftovers!</small><br></div><div class="battle-history"><small>Zapdos restored a little HP using its Leftovers!</small><br></div><div class="spacer battle-history"><br></div><h2 class="battle-history">Turn 44</h2><div class="spacer battle-history"><br></div><div class="battle-history">The opposing Jynx used <strong>Ice Beam</strong>!<br></div><div class="battle-history"><small>It's super effective!</small><br></div><div class="battle-history"><small>(Zapdos lost 35% of its health!)</small><br></div><div class="spacer battle-history"><br></div><div class="battle-history">Zapdos fainted!<br></div><div class="chat chatmessage-krayonpop"><strong style="color:#56a82a"><small>☆</small><span class="username" data-name="Krayon Pop">Krayon Pop</span>:</strong> <em>gg</em></div><div class="chat message-error">Krayon Pop has 60 seconds left.</div><div class="battle-history"><small>Krayon Pop forfeited.</small><br></div><div class="spacer battle-history"><br></div><div class="battle-history"><strong>Lavos</strong> won the battle!<br></div><div class="chat chatmessage-lavos"><strong style="color:#489e0e"><small>☆</small><span class="username" data-name="Lavos">Lavos</span>:</strong> <em>yeah, gg</em></div><div class="chat chatmessage-lavos"><strong style="color:#489e0e"><small>☆</small><span class="username" data-name="Lavos">Lavos</span>:</strong> <em>sorry about the bullshit</em></div></div><div class="inner-preempt"></div></div></div>
</div>
<script>
let daily = Math.floor(Date.now()/1000/60/60/24);document.write('<script src="https://play.pokemonshowdown.com/js/replay-embed.js?version'+daily+'"></'+'script>');
</script>
