<!DOCTYPE html>
<meta charset="utf-8" />
<!-- version 1 -->
<title>[Gen 2] OU replay: Mr.378 vs. BKC</title>
<style>
html,body {font-family:Verdana, sans-serif;font-size:10pt;margin:0;padding:0;}body{padding:12px 0;} .battle-log {font-family:Verdana, sans-serif;font-size:10pt;} .battle-log-inline {border:1px solid #AAAAAA;background:#EEF2F5;color:black;max-width:640px;margin:0 auto 80px;padding-bottom:5px;} .battle-log .inner {padding:4px 8px 0px 8px;} .battle-log .inner-preempt {padding:0 8px 4px 8px;} .battle-log .inner-after {margin-top:0.5em;} .battle-log h2 {margin:0.5em -8px;padding:4px 8px;border:1px solid #AAAAAA;background:#E0E7EA;border-left:0;border-right:0;font-family:Verdana, sans-serif;font-size:13pt;} .battle-log .chat {vertical-align:middle;padding:3px 0 3px 0;font-size:8pt;} .battle-log .chat strong {color:#40576A;} .battle-log .chat em {padding:1px 4px 1px 3px;color:#000000;font-style:normal;} .chat.mine {background:rgba(0,0,0,0.05);margin-left:-8px;margin-right:-8px;padding-left:8px;padding-right:8px;} .spoiler {color:#BBBBBB;background:#BBBBBB;padding:0px 3px;} .spoiler:hover, .spoiler:active, .spoiler-shown {color:#000000;background:#E2E2E2;padding:0px 3px;} .spoiler a {color:#BBBBBB;} .spoiler:hover a, .spoiler:active a, .spoiler-shown a {color:#2288CC;} .chat code, .chat .spoiler:hover code, .chat .spoiler:active code, .chat .spoiler-shown code {border:1px solid #C0C0C0;background:#EEEEEE;color:black;padding:0 2px;} .chat .spoiler code {border:1px solid #CCCCCC;background:#CCCCCC;color:#CCCCCC;} .battle-log .rated {padding:3px 4px;} .battle-log .rated strong {color:white;background:#89A;padding:1px 4px;border-radius:4px;} .spacer {margin-top:0.5em;} .message-announce {background:#6688AA;color:white;padding:1px 4px 2px;} .message-announce a, .broadcast-green a, .broadcast-blue a, .broadcast-red a {color:#DDEEFF;} .broadcast-green {background-color:#559955;color:white;padding:2px 4px;} .broadcast-blue {background-color:#6688AA;color:white;padding:2px 4px;} .infobox {border:1px solid #6688AA;padding:2px 4px;} .infobox-limited {max-height:200px;overflow:auto;overflow-x:hidden;} .broadcast-red {background-color:#AA5544;color:white;padding:2px 4px;} .message-learn-canlearn {font-weight:bold;color:#228822;text-decoration:underline;} .message-learn-cannotlearn {font-weight:bold;color:#CC2222;text-decoration:underline;} .message-effect-weak {font-weight:bold;color:#CC2222;} .message-effect-resist {font-weight:bold;color:#6688AA;} .message-effect-immune {font-weight:bold;color:#666666;} .message-learn-list {margin-top:0;margin-bottom:0;} .message-throttle-notice, .message-error {color:#992222;} .message-overflow, .chat small.message-overflow {font-size:0pt;} .message-overflow::before {font-size:9pt;content:'...';} .subtle {color:#3A4A66;}
</style>
<div class="wrapper replay-wrapper" style="max-width:1180px;margin:0 auto">
<input type="hidden" name="replayid" value="smogtours-gen2ou-382996" />
<div class="battle"></div><div class="battle-log"></div><div class="replay-controls"></div><div class="replay-controls-2"></div>
<h1 style="font-weight:normal;text-align:center"><strong>[Gen 2] OU</strong><br /><a href="http://pokemonshowdown.com/users/mr378" class="subtle" target="_blank">Mr.378</a> vs. <a href="http://pokemonshowdown.com/users/bkc" class="subtle" target="_blank">BKC</a></h1>
<script type="text/plain" class="battle-log-data">|inactive|Battle timer is ON: inactive players will automatically lose when time's up.
|player|p1|Mr.378|238
|player|p2|BKC|101
|teamsize|p1|6
|teamsize|p2|6
|gametype|singles
|gen|2
|tier|[Gen 2] OU
|rule|Sleep Clause Mod: Limit one foe put to sleep
|rule|Freeze Clause Mod: Limit one foe frozen
|rule|Species Clause: Limit one of each Pokémon
|rule|OHKO Clause: OHKO moves are banned
|rule|Evasion Moves Clause: Evasion moves are banned
|rule|HP Percentage Mod: HP is shown in percentages
|
|start
|switch|p1a: Zapdos|Zapdos|100\/100
|switch|p2a: I give you money|Snorlax, M|100\/100
|turn|1
|c|☆BKC|gl man
|c|☆Mr.378|hf
|
|move|p1a: Zapdos|Thunder|p2a: I give you money
|-damage|p2a: I give you money|70\/100
|move|p2a: I give you money|Curse|p2a: I give you money
|-unboost|p2a: I give you money|spe|1
|-boost|p2a: I give you money|atk|1
|-boost|p2a: I give you money|def|1
|
|-heal|p2a: I give you money|76\/100|[from] item: Leftovers
|upkeep
|turn|2
|
|move|p1a: Zapdos|Thunder|p2a: I give you money|[miss]
|-miss|p1a: Zapdos
|move|p2a: I give you money|Body Slam|p1a: Zapdos
|-damage|p1a: Zapdos|50\/100
|
|-heal|p1a: Zapdos|56\/100|[from] item: Leftovers
|-heal|p2a: I give you money|82\/100|[from] item: Leftovers
|upkeep
|turn|3
|
|switch|p1a: Rhydon|Rhydon, M|100\/100
|move|p2a: I give you money|Body Slam|p1a: Rhydon
|-resisted|p1a: Rhydon
|-damage|p1a: Rhydon|83\/100
|
|-heal|p1a: Rhydon|89\/100|[from] item: Leftovers
|-heal|p2a: I give you money|88\/100|[from] item: Leftovers
|upkeep
|turn|4
|
|move|p1a: Rhydon|Earthquake|p2a: I give you money
|-damage|p2a: I give you money|63\/100
|move|p2a: I give you money|Body Slam|p1a: Rhydon
|-resisted|p1a: Rhydon
|-damage|p1a: Rhydon|72\/100
|
|-heal|p1a: Rhydon|78\/100|[from] item: Leftovers
|-heal|p2a: I give you money|69\/100|[from] item: Leftovers
|upkeep
|turn|5
|
|switch|p2a: You control me|Cloyster, M|100\/100
|move|p1a: Rhydon|Earthquake|p2a: You control me
|-damage|p2a: You control me|71\/100
|
|-heal|p2a: You control me|77\/100|[from] item: Leftovers
|-heal|p1a: Rhydon|85\/100|[from] item: Leftovers
|upkeep
|turn|6
|
|switch|p1a: Cloyster|Cloyster, M|100\/100
|move|p2a: You control me|Spikes|p1a: Cloyster
|-sidestart|p1: Mr.378|Spikes
|
|-heal|p2a: You control me|83\/100|[from] item: Leftovers
|upkeep
|turn|7
|
|switch|p2a: You're superior|Zapdos|100\/100
|move|p1a: Cloyster|Spikes|p2a: You're superior
|-sidestart|p2: BKC|Spikes
|
|upkeep
|turn|8
|
|switch|p1a: Snorlax|Snorlax, M|100\/100
|-damage|p1a: Snorlax|88\/100|[from] Spikes
|move|p2a: You're superior|Thunder|p1a: Snorlax
|-damage|p1a: Snorlax|58\/100
|
|-heal|p1a: Snorlax|64\/100|[from] item: Leftovers
|upkeep
|turn|9
|
|move|p2a: You're superior|Thunder|p1a: Snorlax
|-damage|p1a: Snorlax|34\/100
|move|p1a: Snorlax|Double-Edge|p2a: You're superior
|-damage|p2a: You're superior|57\/100
|-damage|p1a: Snorlax|26\/100|[from] Recoil|[of] p2a: You're superior
|
|-heal|p2a: You're superior|63\/100|[from] item: Leftovers
|-heal|p1a: Snorlax|32\/100|[from] item: Leftovers
|upkeep
|turn|10
|inactive|Mr.378 has 285 seconds left.
|inactive|BKC has 285 seconds left.
|
|move|p2a: You're superior|Thunder|p1a: Snorlax
|-damage|p1a: Snorlax|2\/100
|move|p1a: Snorlax|Self-Destruct|p2a: You're superior
|-damage|p2a: You're superior|0 fnt
|faint|p2a: You're superior
|faint|p1a: Snorlax
|inactive|BKC has 285 seconds left.
|
|switch|p2a: You're corrupt|Jynx, F|100\/100
|switch|p1a: Zapdos|Zapdos|56\/100
|-damage|p2a: You're corrupt|88\/100|[from] Spikes
|
|-heal|p1a: Zapdos|62\/100|[from] item: Leftovers
|-heal|p2a: You're corrupt|94\/100|[from] item: Leftovers
|upkeep
|turn|11
|
|move|p1a: Zapdos|Thunder|p2a: You're corrupt
|-damage|p2a: You're corrupt|44\/100
|move|p2a: You're corrupt|Ice Beam|p1a: Zapdos
|-supereffective|p1a: Zapdos
|-damage|p1a: Zapdos|0 fnt
|faint|p1a: Zapdos
|
|switch|p1a: Gengar|Gengar, M|100\/100
|-damage|p1a: Gengar|88\/100|[from] Spikes
|
|-heal|p1a: Gengar|94\/100|[from] item: Leftovers
|-heal|p2a: You're corrupt|50\/100|[from] item: Leftovers
|upkeep
|turn|12
|inactive|BKC has 285 seconds left.
|c|+Joyverse|Iron Man
|inactive|BKC has 270 seconds left.
|
|move|p1a: Gengar|Hypnosis|p2a: You're corrupt
|-status|p2a: You're corrupt|slp
|cant|p2a: You're corrupt|slp
|
|-heal|p1a: Gengar|100\/100|[from] item: Leftovers
|-heal|p2a: You're corrupt|56\/100 slp|[from] item: Leftovers
|upkeep
|turn|13
|
|switch|p2a: You deform me|Golem, M|100\/100
|-damage|p2a: You deform me|88\/100|[from] Spikes
|move|p1a: Gengar|Thunderbolt|p2a: You deform me
|-immune|p2a: You deform me|[msg]
|
|-heal|p2a: You deform me|94\/100|[from] item: Leftovers
|upkeep
|turn|14
|inactive|BKC has 285 seconds left.
|c|+flcl|ihmlbyl
|inactive|Mr.378 has 285 seconds left.
|inactive|BKC has 270 seconds left.
|inactive|Mr.378 has 270 seconds left.
|inactive|BKC has 255 seconds left.
|
|switch|p1a: Cloyster|Cloyster, M|100\/100
|-damage|p1a: Cloyster|88\/100|[from] Spikes
|move|p2a: You deform me|Earthquake|p1a: Cloyster
|-damage|p1a: Cloyster|61\/100
|
|-heal|p1a: Cloyster|67\/100|[from] item: Leftovers
|-heal|p2a: You deform me|99\/100|[from] item: Leftovers
|upkeep
|turn|15
|
|switch|p2a: I don't exist|Gengar, M|100\/100
|-damage|p2a: I don't exist|88\/100|[from] Spikes
|move|p1a: Cloyster|Icy Wind|p2a: I don't exist
|-damage|p2a: I don't exist|65\/100
|-unboost|p2a: I don't exist|spe|1
|
|-heal|p1a: Cloyster|73\/100|[from] item: Leftovers
|-heal|p2a: I don't exist|71\/100|[from] item: Leftovers
|upkeep
|turn|16
|inactive|Mr.378 has 285 seconds left.
|c|+S$abella|Go kev
|inactive|Mr.378 has 270 seconds left.
|
|switch|p1a: Rhydon|Rhydon, M|85\/100
|-damage|p1a: Rhydon|72\/100|[from] Spikes
|move|p2a: I don't exist|Ice Punch|p1a: Rhydon
|-supereffective|p1a: Rhydon
|-damage|p1a: Rhydon|16\/100
|
|-heal|p2a: I don't exist|77\/100|[from] item: Leftovers
|-heal|p1a: Rhydon|22\/100|[from] item: Leftovers
|upkeep
|turn|17
|inactive|BKC has 285 seconds left.
|
|switch|p2a: You deform me|Golem, M|99\/100
|-damage|p2a: You deform me|88\/100|[from] Spikes
|move|p1a: Rhydon|Earthquake|p2a: You deform me
|-supereffective|p2a: You deform me
|-damage|p2a: You deform me|19\/100
|
|-heal|p2a: You deform me|25\/100|[from] item: Leftovers
|-heal|p1a: Rhydon|28\/100|[from] item: Leftovers
|upkeep
|turn|18
|inactive|Mr.378 has 285 seconds left.
|
|move|p2a: You deform me|Rapid Spin|p1a: Rhydon
|-crit|p1a: Rhydon
|-resisted|p1a: Rhydon
|-damage|p1a: Rhydon|25\/100
|-sideend|p2: BKC|Spikes|[from] move: Rapid Spin|[of] p2a: You deform me
|move|p1a: Rhydon|Earthquake|p2a: You deform me
|-supereffective|p2a: You deform me
|-damage|p2a: You deform me|0 fnt
|faint|p2a: You deform me
|
|switch|p2a: I don't exist|Gengar, M|77\/100
|
|-heal|p2a: I don't exist|83\/100|[from] item: Leftovers
|-heal|p1a: Rhydon|31\/100|[from] item: Leftovers
|upkeep
|turn|19
|
|move|p2a: I don't exist|Ice Punch|p1a: Rhydon
|-supereffective|p1a: Rhydon
|-damage|p1a: Rhydon|0 fnt
|faint|p1a: Rhydon
|
|switch|p1a: Gengar|Gengar, M|100\/100
|-damage|p1a: Gengar|88\/100|[from] Spikes
|
|-heal|p2a: I don't exist|90\/100|[from] item: Leftovers
|-heal|p1a: Gengar|94\/100|[from] item: Leftovers
|upkeep
|turn|20
|
|move|p1a: Gengar|Thunderbolt|p2a: I don't exist
|-damage|p2a: I don't exist|55\/100
|move|p2a: I don't exist|Thunder|p1a: Gengar
|-crit|p1a: Gengar
|-damage|p1a: Gengar|7\/100
|
|-heal|p1a: Gengar|14\/100|[from] item: Leftovers
|-heal|p2a: I don't exist|61\/100|[from] item: Leftovers
|upkeep
|turn|21
|
|move|p1a: Gengar|Thunderbolt|p2a: I don't exist
|-damage|p2a: I don't exist|26\/100
|move|p2a: I don't exist|Ice Punch|p1a: Gengar
|-damage|p1a: Gengar|0 fnt
|faint|p1a: Gengar
|
|switch|p1a: Machamp|Machamp, M|100\/100
|-damage|p1a: Machamp|88\/100|[from] Spikes
|
|-heal|p2a: I don't exist|32\/100|[from] item: Leftovers
|-heal|p1a: Machamp|94\/100|[from] item: Leftovers
|upkeep
|turn|22
|inactive|BKC has 285 seconds left.
|inactive|BKC has 270 seconds left.
|inactive|BKC has 255 seconds left.
|inactive|BKC has 240 seconds left.
|inactive|BKC has 225 seconds left.
|inactive|BKC has 210 seconds left.
|inactive|BKC has 195 seconds left.
|inactive|BKC has 180 seconds left.
|inactive|Mr.378 has 285 seconds left.
|inactive|BKC has 165 seconds left.
|inactive|BKC has 150 seconds left.
|inactive|BKC has 135 seconds left.
|inactive|BKC has 120 seconds left.
|inactive|BKC has 105 seconds left.
|inactive|BKC has 90 seconds left.
|inactive|BKC has 75 seconds left.
|inactive|BKC has 60 seconds left.
|inactive|BKC has 45 seconds left.
|
|move|p2a: I don't exist|Explosion|p1a: Machamp
|-damage|p1a: Machamp|6\/100
|faint|p2a: I don't exist
|
|switch|p2a: You control me|Cloyster, M|83\/100
|
|-heal|p2a: You control me|89\/100|[from] item: Leftovers
|-heal|p1a: Machamp|12\/100|[from] item: Leftovers
|upkeep
|turn|23
|
|move|p2a: You control me|Surf|p1a: Machamp
|-damage|p1a: Machamp|0 fnt
|faint|p1a: Machamp
|
|switch|p1a: Cloyster|Cloyster, M|73\/100
|-damage|p1a: Cloyster|61\/100|[from] Spikes
|
|-heal|p1a: Cloyster|67\/100|[from] item: Leftovers
|-heal|p2a: You control me|95\/100|[from] item: Leftovers
|upkeep
|turn|24
|
|move|p1a: Cloyster|Icy Wind|p2a: You control me
|-resisted|p2a: You control me
|-damage|p2a: You control me|88\/100
|-unboost|p2a: You control me|spe|1
|move|p2a: You control me|Explosion|p1a: Cloyster
|-damage|p1a: Cloyster|0 fnt
|faint|p1a: Cloyster
|faint|p2a: You control me
|
|win|BKC
|c|☆BKC|gg man
|c|☆Mr.378|gg
</script>
</div>
<div class="battle-log battle-log-inline"><div class="inner"><div class="battle-options"></div><div class="inner"><div class="chat message-error">Battle timer is ON: inactive players will automatically lose when time's up.</div><div class=""><small>Format:</small> <br><strong>[Gen 2] OU</strong></div><div class=""><small><em>Sleep Clause Mod:</em> Limit one foe put to sleep</small></div><div class=""><small><em>Freeze Clause Mod:</em> Limit one foe frozen</small></div><div class=""><small><em>Species Clause:</em> Limit one of each Pokémon</small></div><div class=""><small><em>OHKO Clause:</em> OHKO moves are banned</small></div><div class=""><small><em>Evasion Moves Clause:</em> Evasion moves are banned</small></div><div class=""><small><em>HP Percentage Mod:</em> HP is shown in percentages</small></div><div class="spacer battle-history"><br></div><div class="battle-history">Battle started between Mr.378 and BKC!<br></div><div class="spacer battle-history"><br></div><div class="battle-history">Go! <strong>Zapdos</strong>!<br></div><div class="spacer battle-history"><br></div><div class="battle-history">BKC sent out I give you money (<strong>Snorlax</strong>)!<br></div><div class="spacer battle-history"><br></div><h2 class="battle-history">Turn 1</h2><div class="chat chatmessage-bkc"><strong style="color:#7f7f2f"><small>☆</small><span class="username" data-name="BKC">BKC</span>:</strong> <em>gl man</em></div><div class="chat chatmessage-mr378"><strong style="color:#909217"><small>☆</small><span class="username" data-name="Mr.378">Mr.378</span>:</strong> <em>hf</em></div><div class="spacer battle-history"><br></div><div class="battle-history">Zapdos used <strong>Thunder</strong>!<br></div><div class="battle-history"><small>(The opposing I give you money lost 30% of its health!)</small><br></div><div class="spacer battle-history"><br></div><div class="battle-history">The opposing I give you money used <strong>Curse</strong>!<br></div><div class="battle-history"><small>The opposing I give you money's Speed fell!</small><br></div><div class="battle-history"><small>The opposing I give you money's Attack rose!</small><br></div><div class="battle-history"><small>The opposing I give you money's Defense rose!</small><br></div><div class="spacer battle-history"><br></div><div class="battle-history"><small>The opposing I give you money restored a little HP using its Leftovers!</small><br></div><div class="spacer battle-history"><br></div><h2 class="battle-history">Turn 2</h2><div class="spacer battle-history"><br></div><div class="battle-history">Zapdos used <strong>Thunder</strong>!<br></div><div class="battle-history"><small>Zapdos's attack missed!</small><br></div><div class="spacer battle-history"><br></div><div class="battle-history">The opposing I give you money used <strong>Body Slam</strong>!<br></div><div class="battle-history"><small>(Zapdos lost 50% of its health!)</small><br></div><div class="spacer battle-history"><br></div><div class="battle-history"><small>Zapdos restored a little HP using its Leftovers!</small><br></div><div class="battle-history"><small>The opposing I give you money restored a little HP using its Leftovers!</small><br></div><div class="spacer battle-history"><br></div><h2 class="battle-history">Turn 3</h2><div class="spacer battle-history"><br></div><div class="battle-history">Zapdos, come back!<br></div><div class="battle-history">Go! <strong>Rhydon</strong>!<br></div><div class="spacer battle-history"><br></div><div class="battle-history">The opposing I give you money used <strong>Body Slam</strong>!<br></div><div class="battle-history"><small>It's not very effective...</small><br></div><div class="battle-history"><small>(Rhydon lost 17% of its health!)</small><br></div><div class="spacer battle-history"><br></div><div class="battle-history"><small>Rhydon restored a little HP using its Leftovers!</small><br></div><div class="battle-history"><small>The opposing I give you money restored a little HP using its Leftovers!</small><br></div><div class="spacer battle-history"><br></div><h2 class="battle-history">Turn 4</h2><div class="spacer battle-history"><br></div><div class="battle-history">Rhydon used <strong>Earthquake</strong>!<br></div><div class="battle-history"><small>(The opposing I give you money lost 25% of its health!)</small><br></div><div class="spacer battle-history"><br></div><div class="battle-history">The opposing I give you money used <strong>Body Slam</strong>!<br></div><div class="battle-history"><small>It's not very effective...</small><br></div><div class="battle-history"><small>(Rhydon lost 17% of its health!)</small><br></div><div class="spacer battle-history"><br></div><div class="battle-history"><small>Rhydon restored a little HP using its Leftovers!</small><br></div><div class="battle-history"><small>The opposing I give you money restored a little HP using its Leftovers!</small><br></div><div class="spacer battle-history"><br></div><h2 class="battle-history">Turn 5</h2><div class="spacer battle-history"><br></div><div class="battle-history">BKC withdrew I give you money!<br></div><div class="battle-history">BKC sent out You control me (<strong>Cloyster</strong>)!<br></div><div class="spacer battle-history"><br></div><div class="battle-history">Rhydon used <strong>Earthquake</strong>!<br></div><div class="battle-history"><small>(The opposing You control me lost 29% of its health!)</small><br></div><div class="spacer battle-history"><br></div><div class="battle-history"><small>The opposing You control me restored a little HP using its Leftovers!</small><br></div><div class="battle-history"><small>Rhydon restored a little HP using its Leftovers!</small><br></div><div class="spacer battle-history"><br></div><h2 class="battle-history">Turn 6</h2><div class="spacer battle-history"><br></div><div class="battle-history">Rhydon, come back!<br></div><div class="battle-history">Go! <strong>Cloyster</strong>!<br></div><div class="spacer battle-history"><br></div><div class="battle-history">The opposing You control me used <strong>Spikes</strong>!<br></div><div class="battle-history"><small>Spikes were scattered on the ground all around your team!</small><br></div><div class="spacer battle-history"><br></div><div class="battle-history"><small>The opposing You control me restored a little HP using its Leftovers!</small><br></div><div class="spacer battle-history"><br></div><h2 class="battle-history">Turn 7</h2><div class="spacer battle-history"><br></div><div class="battle-history">BKC withdrew You control me!<br></div><div class="battle-history">BKC sent out You're superior (<strong>Zapdos</strong>)!<br></div><div class="spacer battle-history"><br></div><div class="battle-history">Cloyster used <strong>Spikes</strong>!<br></div><div class="battle-history"><small>Spikes were scattered on the ground all around the opposing team!</small><br></div><div class="spacer battle-history"><br></div><h2 class="battle-history">Turn 8</h2><div class="spacer battle-history"><br></div><div class="battle-history">Cloyster, come back!<br></div><div class="battle-history">Go! <strong>Snorlax</strong>!<br></div><div class="battle-history"><small>Snorlax was hurt by the spikes!</small><br></div><div class="spacer battle-history"><br></div><div class="battle-history">The opposing You're superior used <strong>Thunder</strong>!<br></div><div class="battle-history"><small>(Snorlax lost 30% of its health!)</small><br></div><div class="spacer battle-history"><br></div><div class="battle-history"><small>Snorlax restored a little HP using its Leftovers!</small><br></div><div class="spacer battle-history"><br></div><h2 class="battle-history">Turn 9</h2><div class="spacer battle-history"><br></div><div class="battle-history">The opposing You're superior used <strong>Thunder</strong>!<br></div><div class="battle-history"><small>(Snorlax lost 30% of its health!)</small><br></div><div class="spacer battle-history"><br></div><div class="battle-history">Snorlax used <strong>Double-Edge</strong>!<br></div><div class="battle-history"><small>(The opposing You're superior lost 43% of its health!)</small><br></div><div class="battle-history"><small>Snorlax was damaged by the recoil!</small><br></div><div class="spacer battle-history"><br></div><div class="battle-history"><small>The opposing You're superior restored a little HP using its Leftovers!</small><br></div><div class="battle-history"><small>Snorlax restored a little HP using its Leftovers!</small><br></div><div class="spacer battle-history"><br></div><h2 class="battle-history">Turn 10</h2><div class="chat message-error">Mr.378 has 285 seconds left.</div><div class="chat message-error">BKC has 285 seconds left.</div><div class="spacer battle-history"><br></div><div class="battle-history">The opposing You're superior used <strong>Thunder</strong>!<br></div><div class="battle-history"><small>(Snorlax lost 30% of its health!)</small><br></div><div class="spacer battle-history"><br></div><div class="battle-history">Snorlax used <strong>Self-Destruct</strong>!<br></div><div class="battle-history"><small>(The opposing You're superior lost 63% of its health!)</small><br></div><div class="spacer battle-history"><br></div><div class="battle-history">The opposing You're superior fainted!<br></div><div class="battle-history">Snorlax fainted!<br></div><div class="chat message-error">BKC has 285 seconds left.</div><div class="spacer battle-history"><br></div><div class="battle-history">BKC sent out You're corrupt (<strong>Jynx</strong>)!<br></div><div class="spacer battle-history"><br></div><div class="battle-history">Go! <strong>Zapdos</strong>!<br></div><div class="battle-history"><small>The opposing You're corrupt was hurt by the spikes!</small><br></div><div class="spacer battle-history"><br></div><div class="battle-history"><small>Zapdos restored a little HP using its Leftovers!</small><br></div><div class="battle-history"><small>The opposing You're corrupt restored a little HP using its Leftovers!</small><br></div><div class="spacer battle-history"><br></div><h2 class="battle-history">Turn 11</h2><div class="spacer battle-history"><br></div><div class="battle-history">Zapdos used <strong>Thunder</strong>!<br></div><div class="battle-history"><small>(The opposing You're corrupt lost 50% of its health!)</small><br></div><div class="spacer battle-history"><br></div><div class="battle-history">The opposing You're corrupt used <strong>Ice Beam</strong>!<br></div><div class="battle-history"><small>It's super effective!</small><br></div><div class="battle-history"><small>(Zapdos lost 62% of its health!)</small><br></div><div class="spacer battle-history"><br></div><div class="battle-history">Zapdos fainted!<br></div><div class="spacer battle-history"><br></div><div class="battle-history">Go! <strong>Gengar</strong>!<br></div><div class="battle-history"><small>Gengar was hurt by the spikes!</small><br></div><div class="spacer battle-history"><br></div><div class="battle-history"><small>Gengar restored a little HP using its Leftovers!</small><br></div><div class="battle-history"><small>The opposing You're corrupt restored a little HP using its Leftovers!</small><br></div><div class="spacer battle-history"><br></div><h2 class="battle-history">Turn 12</h2><div class="chat message-error">BKC has 285 seconds left.</div><div class="chat chatmessage-joyverse"><strong style="color:#bc494b"><small>+</small><span class="username" data-name="Joyverse">Joyverse</span>:</strong> <em>Iron Man</em></div><div class="chat message-error">BKC has 270 seconds left.</div><div class="spacer battle-history"><br></div><div class="battle-history">Gengar used <strong>Hypnosis</strong>!<br></div><div class="battle-history"><small>The opposing You're corrupt fell asleep!</small><br></div><div class="spacer battle-history"><br></div><div class="battle-history">The opposing You're corrupt is fast asleep.<br></div><div class="spacer battle-history"><br></div><div class="battle-history"><small>Gengar restored a little HP using its Leftovers!</small><br></div><div class="battle-history"><small>The opposing You're corrupt restored a little HP using its Leftovers!</small><br></div><div class="spacer battle-history"><br></div><h2 class="battle-history">Turn 13</h2><div class="spacer battle-history"><br></div><div class="battle-history">BKC withdrew You're corrupt!<br></div><div class="battle-history">BKC sent out You deform me (<strong>Golem</strong>)!<br></div><div class="battle-history"><small>The opposing You deform me was hurt by the spikes!</small><br></div><div class="spacer battle-history"><br></div><div class="battle-history">Gengar used <strong>Thunderbolt</strong>!<br></div><div class="battle-history"><small>It doesn't affect the opposing You deform me...</small><br></div><div class="spacer battle-history"><br></div><div class="battle-history"><small>The opposing You deform me restored a little HP using its Leftovers!</small><br></div><div class="spacer battle-history"><br></div><h2 class="battle-history">Turn 14</h2><div class="chat message-error">BKC has 285 seconds left.</div><div class="chat chatmessage-flcl"><strong style="color:#318167"><small>+</small><span class="username" data-name="flcl">flcl</span>:</strong> <em>ihmlbyl</em></div><div class="chat message-error">Mr.378 has 285 seconds left.</div><div class="chat message-error">BKC has 270 seconds left.</div><div class="chat message-error">Mr.378 has 270 seconds left.</div><div class="chat message-error">BKC has 255 seconds left.</div><div class="spacer battle-history"><br></div><div class="battle-history">Gengar, come back!<br></div><div class="battle-history">Go! <strong>Cloyster</strong>!<br></div><div class="battle-history"><small>Cloyster was hurt by the spikes!</small><br></div><div class="spacer battle-history"><br></div><div class="battle-history">The opposing You deform me used <strong>Earthquake</strong>!<br></div><div class="battle-history"><small>(Cloyster lost 27% of its health!)</small><br></div><div class="spacer battle-history"><br></div><div class="battle-history"><small>Cloyster restored a little HP using its Leftovers!</small><br></div><div class="battle-history"><small>The opposing You deform me restored a little HP using its Leftovers!</small><br></div><div class="spacer battle-history"><br></div><h2 class="battle-history">Turn 15</h2><div class="spacer battle-history"><br></div><div class="battle-history">BKC withdrew You deform me!<br></div><div class="battle-history">BKC sent out I don't exist (<strong>Gengar</strong>)!<br></div><div class="battle-history"><small>The opposing I don't exist was hurt by the spikes!</small><br></div><div class="spacer battle-history"><br></div><div class="battle-history">Cloyster used <strong>Icy Wind</strong>!<br></div><div class="battle-history"><small>(The opposing I don't exist lost 23% of its health!)</small><br></div><div class="battle-history"><small>The opposing I don't exist's Speed fell!</small><br></div><div class="spacer battle-history"><br></div><div class="battle-history"><small>Cloyster restored a little HP using its Leftovers!</small><br></div><div class="battle-history"><small>The opposing I don't exist restored a little HP using its Leftovers!</small><br></div><div class="spacer battle-history"><br></div><h2 class="battle-history">Turn 16</h2><div class="chat message-error">Mr.378 has 285 seconds left.</div><div class="chat chatmessage-sabella"><strong style="color:#7553e2"><small>+</small><span class="username" data-name="S$abella">S$abella</span>:</strong> <em>Go kev</em></div><div class="chat message-error">Mr.378 has 270 seconds left.</div><div class="spacer battle-history"><br></div><div class="battle-history">Cloyster, come back!<br></div><div class="battle-history">Go! <strong>Rhydon</strong>!<br></div><div class="battle-history"><small>Rhydon was hurt by the spikes!</small><br></div><div class="spacer battle-history"><br></div><div class="battle-history">The opposing I don't exist used <strong>Ice Punch</strong>!<br></div><div class="battle-history"><small>It's super effective!</small><br></div><div class="battle-history"><small>(Rhydon lost 56% of its health!)</small><br></div><div class="spacer battle-history"><br></div><div class="battle-history"><small>The opposing I don't exist restored a little HP using its Leftovers!</small><br></div><div class="battle-history"><small>Rhydon restored a little HP using its Leftovers!</small><br></div><div class="spacer battle-history"><br></div><h2 class="battle-history">Turn 17</h2><div class="chat message-error">BKC has 285 seconds left.</div><div class="spacer battle-history"><br></div><div class="battle-history">BKC withdrew I don't exist!<br></div><div class="battle-history">BKC sent out You deform me (<strong>Golem</strong>)!<br></div><div class="battle-history"><small>The opposing You deform me was hurt by the spikes!</small><br></div><div class="spacer battle-history"><br></div><div class="battle-history">Rhydon used <strong>Earthquake</strong>!<br></div><div class="battle-history"><small>It's super effective!</small><br></div><div class="battle-history"><small>(The opposing You deform me lost 69% of its health!)</small><br></div><div class="spacer battle-history"><br></div><div class="battle-history"><small>The opposing You deform me restored a little HP using its Leftovers!</small><br></div><div class="battle-history"><small>Rhydon restored a little HP using its Leftovers!</small><br></div><div class="spacer battle-history"><br></div><h2 class="battle-history">Turn 18</h2><div class="chat message-error">Mr.378 has 285 seconds left.</div><div class="spacer battle-history"><br></div><div class="battle-history">The opposing You deform me used <strong>Rapid Spin</strong>!<br></div><div class="battle-history"><small>A critical hit!</small><br></div><div class="battle-history"><small>It's not very effective...</small><br></div><div class="battle-history"><small>(Rhydon lost 3% of its health!)</small><br></div><div class="battle-history"><small>The spikes disappeared from the ground around the opposing team!</small><br></div><div class="spacer battle-history"><br></div><div class="battle-history">Rhydon used <strong>Earthquake</strong>!<br></div><div class="battle-history"><small>It's super effective!</small><br></div><div class="battle-history"><small>(The opposing You deform me lost 25% of its health!)</small><br></div><div class="spacer battle-history"><br></div><div class="battle-history">The opposing You deform me fainted!<br></div><div class="spacer battle-history"><br></div><div class="battle-history">BKC sent out I don't exist (<strong>Gengar</strong>)!<br></div><div class="spacer battle-history"><br></div><div class="battle-history"><small>The opposing I don't exist restored a little HP using its Leftovers!</small><br></div><div class="battle-history"><small>Rhydon restored a little HP using its Leftovers!</small><br></div><div class="spacer battle-history"><br></div><h2 class="battle-history">Turn 19</h2><div class="spacer battle-history"><br></div><div class="battle-history">The opposing I don't exist used <strong>Ice Punch</strong>!<br></div><div class="battle-history"><small>It's super effective!</small><br></div><div class="battle-history"><small>(Rhydon lost 31% of its health!)</small><br></div><div class="spacer battle-history"><br></div><div class="battle-history">Rhydon fainted!<br></div><div class="spacer battle-history"><br></div><div class="battle-history">Go! <strong>Gengar</strong>!<br></div><div class="battle-history"><small>Gengar was hurt by the spikes!</small><br></div><div class="spacer battle-history"><br></div><div class="battle-history"><small>The opposing I don't exist restored a little HP using its Leftovers!</small><br></div><div class="battle-history"><small>Gengar restored a little HP using its Leftovers!</small><br></div><div class="spacer battle-history"><br></div><h2 class="battle-history">Turn 20</h2><div class="spacer battle-history"><br></div><div class="battle-history">Gengar used <strong>Thunderbolt</strong>!<br></div><div class="battle-history"><small>(The opposing I don't exist lost 35% of its health!)</small><br></div><div class="spacer battle-history"><br></div><div class="battle-history">The opposing I don't exist used <strong>Thunder</strong>!<br></div><div class="battle-history"><small>A critical hit!</small><br></div><div class="battle-history"><small>(Gengar lost 87% of its health!)</small><br></div><div class="spacer battle-history"><br></div><div class="battle-history"><small>Gengar restored a little HP using its Leftovers!</small><br></div><div class="battle-history"><small>The opposing I don't exist restored a little HP using its Leftovers!</small><br></div><div class="spacer battle-history"><br></div><h2 class="battle-history">Turn 21</h2><div class="spacer battle-history"><br></div><div class="battle-history">Gengar used <strong>Thunderbolt</strong>!<br></div><div class="battle-history"><small>(The opposing I don't exist lost 35% of its health!)</small><br></div><div class="spacer battle-history"><br></div><div class="battle-history">The opposing I don't exist used <strong>Ice Punch</strong>!<br></div><div class="battle-history"><small>(Gengar lost 14% of its health!)</small><br></div><div class="spacer battle-history"><br></div><div class="battle-history">Gengar fainted!<br></div><div class="spacer battle-history"><br></div><div class="battle-history">Go! <strong>Machamp</strong>!<br></div><div class="battle-history"><small>Machamp was hurt by the spikes!</small><br></div><div class="spacer battle-history"><br></div><div class="battle-history"><small>The opposing I don't exist restored a little HP using its Leftovers!</small><br></div><div class="battle-history"><small>Machamp restored a little HP using its Leftovers!</small><br></div><div class="spacer battle-history"><br></div><h2 class="battle-history">Turn 22</h2><div class="chat message-error">BKC has 285 seconds left.</div><div class="chat message-error">BKC has 270 seconds left.</div><div class="chat message-error">BKC has 255 seconds left.</div><div class="chat message-error">BKC has 240 seconds left.</div><div class="chat message-error">BKC has 225 seconds left.</div><div class="chat message-error">BKC has 210 seconds left.</div><div class="chat message-error">BKC has 195 seconds left.</div><div class="chat message-error">BKC has 180 seconds left.</div><div class="chat message-error">Mr.378 has 285 seconds left.</div><div class="chat message-error">BKC has 165 seconds left.</div><div class="chat message-error">BKC has 150 seconds left.</div><div class="chat message-error">BKC has 135 seconds left.</div><div class="chat message-error">BKC has 120 seconds left.</div><div class="chat message-error">BKC has 105 seconds left.</div><div class="chat message-error">BKC has 90 seconds left.</div><div class="chat message-error">BKC has 75 seconds left.</div><div class="chat message-error">BKC has 60 seconds left.</div><div class="chat message-error">BKC has 45 seconds left.</div><div class="spacer battle-history"><br></div><div class="battle-history">The opposing I don't exist used <strong>Explosion</strong>!<br></div><div class="battle-history"><small>(Machamp lost 88% of its health!)</small><br></div><div class="spacer battle-history"><br></div><div class="battle-history">The opposing I don't exist fainted!<br></div><div class="spacer battle-history"><br></div><div class="battle-history">BKC sent out You control me (<strong>Cloyster</strong>)!<br></div><div class="spacer battle-history"><br></div><div class="battle-history"><small>The opposing You control me restored a little HP using its Leftovers!</small><br></div><div class="battle-history"><small>Machamp restored a little HP using its Leftovers!</small><br></div><div class="spacer battle-history"><br></div><h2 class="battle-history">Turn 23</h2><div class="spacer battle-history"><br></div><div class="battle-history">The opposing You control me used <strong>Surf</strong>!<br></div><div class="battle-history"><small>(Machamp lost 12% of its health!)</small><br></div><div class="spacer battle-history"><br></div><div class="battle-history">Machamp fainted!<br></div><div class="spacer battle-history"><br></div><div class="battle-history">Go! <strong>Cloyster</strong>!<br></div><div class="battle-history"><small>Cloyster was hurt by the spikes!</small><br></div><div class="spacer battle-history"><br></div><div class="battle-history"><small>Cloyster restored a little HP using its Leftovers!</small><br></div><div class="battle-history"><small>The opposing You control me restored a little HP using its Leftovers!</small><br></div><div class="spacer battle-history"><br></div><h2 class="battle-history">Turn 24</h2><div class="spacer battle-history"><br></div><div class="battle-history">Cloyster used <strong>Icy Wind</strong>!<br></div><div class="battle-history"><small>It's not very effective...</small><br></div><div class="battle-history"><small>(The opposing You control me lost 7% of its health!)</small><br></div><div class="battle-history"><small>The opposing You control me's Speed fell!</small><br></div><div class="spacer battle-history"><br></div><div class="battle-history">The opposing You control me used <strong>Explosion</strong>!<br></div><div class="battle-history"><small>(Cloyster lost 67% of its health!)</small><br></div><div class="spacer battle-history"><br></div><div class="battle-history">Cloyster fainted!<br></div><div class="battle-history">The opposing You control me fainted!<br></div><div class="spacer battle-history"><br></div><div class="battle-history"><strong>BKC</strong> won the battle!<br></div><div class="chat chatmessage-bkc"><strong style="color:#7f7f2f"><small>☆</small><span class="username" data-name="BKC">BKC</span>:</strong> <em>gg man</em></div><div class="chat chatmessage-mr378"><strong style="color:#909217"><small>☆</small><span class="username" data-name="Mr.378">Mr.378</span>:</strong> <em>gg</em></div></div><div class="inner-preempt"></div></div></div>
</div>
<script>
let daily = Math.floor(Date.now()/1000/60/60/24);document.write('<script src="https://play.pokemonshowdown.com/js/replay-embed.js?version'+daily+'"></'+'script>');
</script>
