<!DOCTYPE html>
<meta charset="utf-8" />
<!-- version 1 -->
<title>[Gen 2] OU replay: Mr.E vs. LEGEND TIBA</title>
<style>
html,body {font-family:Verdana, sans-serif;font-size:10pt;margin:0;padding:0;}body{padding:12px 0;} .battle-log {font-family:Verdana, sans-serif;font-size:10pt;} .battle-log-inline {border:1px solid #AAAAAA;background:#EEF2F5;color:black;max-width:640px;margin:0 auto 80px;padding-bottom:5px;} .battle-log .inner {padding:4px 8px 0px 8px;} .battle-log .inner-preempt {padding:0 8px 4px 8px;} .battle-log .inner-after {margin-top:0.5em;} .battle-log h2 {margin:0.5em -8px;padding:4px 8px;border:1px solid #AAAAAA;background:#E0E7EA;border-left:0;border-right:0;font-family:Verdana, sans-serif;font-size:13pt;} .battle-log .chat {vertical-align:middle;padding:3px 0 3px 0;font-size:8pt;} .battle-log .chat strong {color:#40576A;} .battle-log .chat em {padding:1px 4px 1px 3px;color:#000000;font-style:normal;} .chat.mine {background:rgba(0,0,0,0.05);margin-left:-8px;margin-right:-8px;padding-left:8px;padding-right:8px;} .spoiler {color:#BBBBBB;background:#BBBBBB;padding:0px 3px;} .spoiler:hover, .spoiler:active, .spoiler-shown {color:#000000;background:#E2E2E2;padding:0px 3px;} .spoiler a {color:#BBBBBB;} .spoiler:hover a, .spoiler:active a, .spoiler-shown a {color:#2288CC;} .chat code, .chat .spoiler:hover code, .chat .spoiler:active code, .chat .spoiler-shown code {border:1px solid #C0C0C0;background:#EEEEEE;color:black;padding:0 2px;} .chat .spoiler code {border:1px solid #CCCCCC;background:#CCCCCC;color:#CCCCCC;} .battle-log .rated {padding:3px 4px;} .battle-log .rated strong {color:white;background:#89A;padding:1px 4px;border-radius:4px;} .spacer {margin-top:0.5em;} .message-announce {background:#6688AA;color:white;padding:1px 4px 2px;} .message-announce a, .broadcast-green a, .broadcast-blue a, .broadcast-red a {color:#DDEEFF;} .broadcast-green {background-color:#559955;color:white;padding:2px 4px;} .broadcast-blue {background-color:#6688AA;color:white;padding:2px 4px;} .infobox {border:1px solid #6688AA;padding:2px 4px;} .infobox-limited {max-height:200px;overflow:auto;overflow-x:hidden;} .broadcast-red {background-color:#AA5544;color:white;padding:2px 4px;} .message-learn-canlearn {font-weight:bold;color:#228822;text-decoration:underline;} .message-learn-cannotlearn {font-weight:bold;color:#CC2222;text-decoration:underline;} .message-effect-weak {font-weight:bold;color:#CC2222;} .message-effect-resist {font-weight:bold;color:#6688AA;} .message-effect-immune {font-weight:bold;color:#666666;} .message-learn-list {margin-top:0;margin-bottom:0;} .message-throttle-notice, .message-error {color:#992222;} .message-overflow, .chat small.message-overflow {font-size:0pt;} .message-overflow::before {font-size:9pt;content:'...';} .subtle {color:#3A4A66;}
</style>
<div class="wrapper replay-wrapper" style="max-width:1180px;margin:0 auto">
<input type="hidden" name="replayid" value="smogtours-gen2ou-348586" />
<div class="battle"></div><div class="battle-log"></div><div class="replay-controls"></div><div class="replay-controls-2"></div>
<h1 style="font-weight:normal;text-align:center"><strong>[Gen 2] OU</strong><br /><a href="http://pokemonshowdown.com/users/mre" class="subtle" target="_blank">Mr.E</a> vs. <a href="http://pokemonshowdown.com/users/legendtiba" class="subtle" target="_blank">LEGEND TIBA</a></h1>
<script type="text/plain" class="battle-log-data">|inactive|Battle timer is ON: inactive players will automatically lose when time's up.
|player|p1|Mr.E|160
|player|p2|LEGEND TIBA|161
|teamsize|p1|6
|teamsize|p2|6
|gametype|singles
|gen|2
|tier|[Gen 2] OU
|rule|Sleep Clause Mod: Limit one foe put to sleep
|rule|Freeze Clause Mod: Limit one foe frozen
|rule|Species Clause: Limit one of each Pokémon
|rule|OHKO Clause: OHKO moves are banned
|rule|Evasion Moves Clause: Evasion moves are banned
|rule|HP Percentage Mod: HP is shown in percentages
|
|start
|switch|p1a: hood|Tyranitar, M|100\/100
|switch|p2a: Snorlax|Snorlax, M|100\/100
|turn|1
|c|+BKC|thank christ
|c|+Finchinator|GOOOO
|raw|<div class="broadcast-red"><strong>Moderated chat was set to ☆!<\/strong><br \/>Only users of rank ☆ and higher can talk.<\/div>
|c|☆LEGEND TIBA|Mr.Easy
|
|move|p1a: hood|Rock Slide|p2a: Snorlax
|-damage|p2a: Snorlax|73\/100
|cant|p2a: Snorlax|flinch
|
|-heal|p2a: Snorlax|79\/100|[from] item: Leftovers
|upkeep
|turn|2
|inactive|LEGEND TIBA has 285 seconds left.
|c|☆LEGEND TIBA|thief
|
|move|p1a: hood|Rock Slide|p2a: Snorlax|[miss]
|-miss|p1a: hood
|move|p2a: Snorlax|Toxic|p1a: hood
|-status|p1a: hood|tox
|
|-heal|p2a: Snorlax|85\/100|[from] item: Leftovers
|upkeep
|turn|3
|inactive|LEGEND TIBA has 285 seconds left.
|inactive|Mr.E has 285 seconds left.
|
|move|p1a: hood|Rock Slide|p2a: Snorlax
|-damage|p2a: Snorlax|60\/100
|-damage|p1a: hood|94\/100 tox|[from] tox|[of] p2a: Snorlax
|cant|p2a: Snorlax|flinch
|
|-heal|p1a: hood|100\/100 tox|[from] item: Leftovers
|-heal|p2a: Snorlax|66\/100|[from] item: Leftovers
|upkeep
|turn|4
|inactive|LEGEND TIBA has 285 seconds left.
|inactive|Mr.E has 285 seconds left.
|inactive|LEGEND TIBA has 270 seconds left.
|
|move|p1a: hood|Rock Slide|p2a: Snorlax
|-damage|p2a: Snorlax|39\/100
|-damage|p1a: hood|88\/100 tox|[from] tox|[of] p2a: Snorlax
|cant|p2a: Snorlax|flinch
|
|-heal|p1a: hood|94\/100 tox|[from] item: Leftovers
|-heal|p2a: Snorlax|45\/100|[from] item: Leftovers
|upkeep
|turn|5
|inactive|Mr.E has 285 seconds left.
|inactive|LEGEND TIBA has 270 seconds left.
|
|move|p1a: hood|Rock Slide|p2a: Snorlax
|-damage|p2a: Snorlax|17\/100
|-damage|p1a: hood|76\/100 tox|[from] tox|[of] p2a: Snorlax
|move|p2a: Snorlax|Rest|p2a: Snorlax
|-status|p2a: Snorlax|slp
|-heal|p2a: Snorlax|100\/100 slp|[silent]
|-status|p2a: Snorlax|slp|[from] move: Rest
|
|-heal|p1a: hood|82\/100 tox|[from] item: Leftovers
|upkeep
|turn|6
|inactive|Mr.E has 285 seconds left.
|
|switch|p1a: Cloysex|Cloyster, M|100\/100
|cant|p2a: Snorlax|slp
|
|upkeep
|turn|7
|inactive|Mr.E has 285 seconds left.
|
|switch|p2a: Starmie|Starmie|100\/100
|move|p1a: Cloysex|Spikes|p2a: Starmie
|-sidestart|p2: LEGEND TIBA|Spikes
|
|upkeep
|turn|8
|inactive|Mr.E has 285 seconds left.
|
|move|p2a: Starmie|Rapid Spin|p1a: Cloysex
|-damage|p1a: Cloysex|98\/100
|-sideend|p2: LEGEND TIBA|Spikes|[from] move: Rapid Spin|[of] p2a: Starmie
|move|p1a: Cloysex|Toxic|p2a: Starmie
|-status|p2a: Starmie|tox
|
|-heal|p1a: Cloysex|100\/100|[from] item: Leftovers
|upkeep
|turn|9
|inactive|Mr.E has 285 seconds left.
|
|switch|p1a: uber|Snorlax, M|100\/100
|move|p2a: Starmie|Psychic|p1a: uber
|-damage|p1a: uber|83\/100
|-damage|p2a: Starmie|94\/100 tox|[from] tox|[of] p1a: uber
|
|-heal|p2a: Starmie|100\/100 tox|[from] item: Leftovers
|-heal|p1a: uber|89\/100|[from] item: Leftovers
|upkeep
|turn|10
|inactive|Mr.E has 285 seconds left.
|
|switch|p2a: Cloyster|Cloyster, M|100\/100
|move|p1a: uber|Fire Blast|p2a: Cloyster
|-damage|p2a: Cloyster|65\/100
|
|-heal|p2a: Cloyster|71\/100|[from] item: Leftovers
|-heal|p1a: uber|95\/100|[from] item: Leftovers
|upkeep
|turn|11
|inactive|Mr.E has 285 seconds left.
|inactive|LEGEND TIBA has 285 seconds left.
|inactive|Mr.E has 270 seconds left.
|inactive|Mr.E has 255 seconds left.
|inactive|Mr.E has 240 seconds left.
|
|switch|p1a: Sexdos|Zapdos|100\/100
|move|p2a: Cloyster|Toxic|p1a: Sexdos
|-status|p1a: Sexdos|tox
|
|-heal|p2a: Cloyster|77\/100|[from] item: Leftovers
|upkeep
|turn|12
|inactive|Mr.E has 240 seconds left.
|inactive|LEGEND TIBA has 285 seconds left.
|
|switch|p1a: Sextank|Miltank, F|100\/100
|switch|p2a: Snorlax|Snorlax, M|100\/100 slp
|
|upkeep
|turn|13
|inactive|Mr.E has 240 seconds left.
|inactive|LEGEND TIBA has 285 seconds left.
|
|switch|p2a: Cloyster|Cloyster, M|77\/100
|move|p1a: Sextank|Heal Bell|p1a: Sextank
|-cureteam|p1a: Sextank|[from] move: Heal Bell
|
|-heal|p2a: Cloyster|83\/100|[from] item: Leftovers
|upkeep
|turn|14
|inactive|Mr.E has 240 seconds left.
|inactive|LEGEND TIBA has 285 seconds left.
|
|move|p1a: Sextank|Body Slam|p2a: Cloyster
|-damage|p2a: Cloyster|63\/100
|-status|p2a: Cloyster|par
|cant|p2a: Cloyster|par
|
|-heal|p2a: Cloyster|68\/100 par|[from] item: Leftovers
|upkeep
|turn|15
|inactive|Mr.E has 240 seconds left.
|inactive|LEGEND TIBA has 285 seconds left.
|
|switch|p1a: Sexdos|Zapdos|100\/100
|move|p2a: Cloyster|Spikes|p1a: Sexdos
|-sidestart|p1: Mr.E|Spikes
|
|-heal|p2a: Cloyster|74\/100 par|[from] item: Leftovers
|upkeep
|turn|16
|
|switch|p1a: Cloysex|Cloyster, M|100\/100
|-damage|p1a: Cloysex|88\/100|[from] Spikes
|switch|p2a: Snorlax|Snorlax, M|100\/100 slp
|
|-heal|p1a: Cloysex|94\/100|[from] item: Leftovers
|upkeep
|turn|17
|inactive|Mr.E has 240 seconds left.
|inactive|LEGEND TIBA disconnected!
|player|p2|
|inactive|LEGEND TIBA has 285 seconds left.
|inactiveoff|Battle timer is now OFF.
|player|p2|LEGEND TIBA|161
|c|☆LEGEND TIBA|back
|inactive|Battle timer is ON: inactive players will automatically lose when time's up. (requested by dream)
|
|switch|p2a: Starmie|Starmie|100\/100 tox
|-status|p2a: Starmie|psn
|-damage|p2a: Starmie|88\/100 psn|[from] psn
|move|p1a: Cloysex|Spikes|p2a: Starmie
|-sidestart|p2: LEGEND TIBA|Spikes
|
|-heal|p2a: Starmie|94\/100 psn|[from] item: Leftovers
|-heal|p1a: Cloysex|99\/100|[from] item: Leftovers
|upkeep
|turn|18
|
|move|p2a: Starmie|Rapid Spin|p1a: Cloysex
|-damage|p1a: Cloysex|97\/100
|-sideend|p2: LEGEND TIBA|Spikes|[from] move: Rapid Spin|[of] p2a: Starmie
|-damage|p2a: Starmie|82\/100 psn|[from] psn|[of] p1a: Cloysex
|move|p1a: Cloysex|Spikes|p2a: Starmie
|-sidestart|p2: LEGEND TIBA|Spikes
|
|-heal|p2a: Starmie|88\/100 psn|[from] item: Leftovers
|-heal|p1a: Cloysex|100\/100|[from] item: Leftovers
|upkeep
|turn|19
|inactive|Mr.E has 240 seconds left.
|
|move|p2a: Starmie|Rapid Spin|p1a: Cloysex
|-crit|p1a: Cloysex
|-damage|p1a: Cloysex|95\/100
|-sideend|p2: LEGEND TIBA|Spikes|[from] move: Rapid Spin|[of] p2a: Starmie
|-damage|p2a: Starmie|76\/100 psn|[from] psn|[of] p1a: Cloysex
|move|p1a: Cloysex|Spikes|p2a: Starmie
|-sidestart|p2: LEGEND TIBA|Spikes
|
|-heal|p2a: Starmie|82\/100 psn|[from] item: Leftovers
|-heal|p1a: Cloysex|100\/100|[from] item: Leftovers
|upkeep
|turn|20
|inactive|Mr.E has 225 seconds left.
|inactive|LEGEND TIBA has 285 seconds left.
|
|switch|p1a: hood|Tyranitar, M|82\/100
|-damage|p1a: hood|69\/100|[from] Spikes
|move|p2a: Starmie|Psychic|p1a: hood
|-immune|p1a: hood|[msg]
|-damage|p2a: Starmie|70\/100 psn|[from] psn|[of] p1a: hood
|
|-heal|p2a: Starmie|76\/100 psn|[from] item: Leftovers
|-heal|p1a: hood|76\/100|[from] item: Leftovers
|upkeep
|turn|21
|inactive|Mr.E has 225 seconds left.
|
|move|p2a: Starmie|Surf|p1a: hood
|-supereffective|p1a: hood
|-damage|p1a: hood|16\/100
|-damage|p2a: Starmie|63\/100 psn|[from] psn|[of] p1a: hood
|move|p1a: hood|Crunch|p2a: Starmie
|-supereffective|p2a: Starmie
|-damage|p2a: Starmie|1\/100 psn
|
|-heal|p2a: Starmie|7\/100 psn|[from] item: Leftovers
|-heal|p1a: hood|22\/100|[from] item: Leftovers
|upkeep
|turn|22
|inactive|Mr.E has 225 seconds left.
|inactive|LEGEND TIBA has 285 seconds left.
|inactive|Mr.E has 210 seconds left.
|inactive|LEGEND TIBA has 270 seconds left.
|inactive|Mr.E has 195 seconds left.
|
|switch|p1a: Sexdos|Zapdos|100\/100
|move|p2a: Starmie|Recover|p2a: Starmie
|-heal|p2a: Starmie|57\/100 psn
|-damage|p2a: Starmie|45\/100 psn|[from] psn
|
|-heal|p2a: Starmie|51\/100 psn|[from] item: Leftovers
|upkeep
|turn|23
|inactive|Mr.E has 195 seconds left.
|inactive|LEGEND TIBA has 270 seconds left.
|
|switch|p2a: Snorlax|Snorlax, M|100\/100 slp
|-damage|p2a: Snorlax|88\/100 slp|[from] Spikes
|move|p1a: Sexdos|Whirlwind|p2a: Snorlax
|drag|p2a: Cloyster|Cloyster, M|74\/100 par
|-damage|p2a: Cloyster|62\/100 par|[from] Spikes
|
|-heal|p2a: Cloyster|68\/100 par|[from] item: Leftovers
|upkeep
|turn|24
|inactive|LEGEND TIBA has 270 seconds left.
|inactive|Mr.E has 180 seconds left.
|
|switch|p2a: Snorlax|Snorlax, M|88\/100 slp
|-damage|p2a: Snorlax|76\/100 slp|[from] Spikes
|move|p1a: Sexdos|Thunderbolt|p2a: Snorlax
|-damage|p2a: Snorlax|51\/100 slp
|
|-heal|p2a: Snorlax|57\/100 slp|[from] item: Leftovers
|upkeep
|turn|25
|inactive|LEGEND TIBA has 270 seconds left.
|inactive|Mr.E has 180 seconds left.
|
|move|p1a: Sexdos|Thunderbolt|p2a: Snorlax
|-damage|p2a: Snorlax|33\/100 slp
|cant|p2a: Snorlax|slp
|
|-heal|p2a: Snorlax|39\/100 slp|[from] item: Leftovers
|upkeep
|turn|26
|
|move|p1a: Sexdos|Thunderbolt|p2a: Snorlax
|-damage|p2a: Snorlax|16\/100 slp
|-curestatus|p2a: Snorlax|slp|[msg]
|move|p2a: Snorlax|Rest|p2a: Snorlax
|-status|p2a: Snorlax|slp
|-heal|p2a: Snorlax|100\/100 slp|[silent]
|-status|p2a: Snorlax|slp|[from] move: Rest
|
|upkeep
|turn|27
|
|move|p1a: Sexdos|Thunderbolt|p2a: Snorlax
|-damage|p2a: Snorlax|77\/100 slp
|cant|p2a: Snorlax|slp
|
|-heal|p2a: Snorlax|83\/100 slp|[from] item: Leftovers
|upkeep
|turn|28
|
|move|p1a: Sexdos|Thunderbolt|p2a: Snorlax
|-damage|p2a: Snorlax|58\/100 slp
|cant|p2a: Snorlax|slp
|
|-heal|p2a: Snorlax|64\/100 slp|[from] item: Leftovers
|upkeep
|turn|29
|inactive|Mr.E has 195 seconds left.
|inactive|Mr.E has 180 seconds left.
|
|switch|p1a: uber|Snorlax, M|95\/100
|-damage|p1a: uber|82\/100|[from] Spikes
|-curestatus|p2a: Snorlax|slp|[msg]
|move|p2a: Snorlax|Toxic|p1a: uber
|-status|p1a: uber|tox
|
|-heal|p2a: Snorlax|70\/100|[from] item: Leftovers
|-heal|p1a: uber|88\/100 tox|[from] item: Leftovers
|upkeep
|turn|30
|inactive|Mr.E has 165 seconds left.
|inactive|LEGEND TIBA has 285 seconds left.
|inactive|Mr.E has 150 seconds left.
|
|switch|p2a: Tyranitar|Tyranitar, M|100\/100
|-damage|p2a: Tyranitar|88\/100|[from] Spikes
|move|p1a: uber|Double-Edge|p2a: Tyranitar
|-resisted|p2a: Tyranitar
|-damage|p2a: Tyranitar|72\/100
|-damage|p1a: uber|85\/100 tox|[from] Recoil|[of] p2a: Tyranitar
|-damage|p1a: uber|79\/100 tox|[from] tox|[of] p2a: Tyranitar
|
|-heal|p2a: Tyranitar|78\/100|[from] item: Leftovers
|-heal|p1a: uber|85\/100 tox|[from] item: Leftovers
|upkeep
|turn|31
|inactive|Mr.E has 150 seconds left.
|inactive|LEGEND TIBA has 285 seconds left.
|inactive|Mr.E has 135 seconds left.
|
|switch|p1a: Sextank|Miltank, F|100\/100
|-damage|p1a: Sextank|88\/100|[from] Spikes
|move|p2a: Tyranitar|Rock Slide|p1a: Sextank|[miss]
|-miss|p2a: Tyranitar
|
|-heal|p1a: Sextank|94\/100|[from] item: Leftovers
|-heal|p2a: Tyranitar|84\/100|[from] item: Leftovers
|upkeep
|turn|32
|inactive|Mr.E has 135 seconds left.
|
|move|p1a: Sextank|Body Slam|p2a: Tyranitar
|-resisted|p2a: Tyranitar
|-damage|p2a: Tyranitar|74\/100
|move|p2a: Tyranitar|Roar|p1a: Sextank
|drag|p1a: Sexeggutor|Exeggutor, M|100\/100
|-damage|p1a: Sexeggutor|88\/100|[from] Spikes
|
|-heal|p2a: Tyranitar|80\/100|[from] item: Leftovers
|-heal|p1a: Sexeggutor|94\/100|[from] item: Leftovers
|upkeep
|turn|33
|inactive|Mr.E has 135 seconds left.
|inactive|LEGEND TIBA has 285 seconds left.
|inactive|LEGEND TIBA has 270 seconds left.
|
|switch|p2a: Raichu|Raichu, F|100\/100
|-damage|p2a: Raichu|88\/100|[from] Spikes
|move|p1a: Sexeggutor|Sleep Powder|p2a: Raichu
|-status|p2a: Raichu|slp
|
|-heal|p2a: Raichu|94\/100 slp|[from] item: Leftovers
|-heal|p1a: Sexeggutor|99\/100|[from] item: Leftovers
|upkeep
|turn|34
|inactive|LEGEND TIBA has 270 seconds left.
|inactive|Mr.E has 135 seconds left.
|inactive|LEGEND TIBA has 255 seconds left.
|
|switch|p1a: Sextank|Miltank, F|94\/100
|-damage|p1a: Sextank|82\/100|[from] Spikes
|cant|p2a: Raichu|slp
|
|-heal|p1a: Sextank|88\/100|[from] item: Leftovers
|-heal|p2a: Raichu|100\/100 slp|[from] item: Leftovers
|upkeep
|turn|35
|
|switch|p2a: Cloyster|Cloyster, M|68\/100 par
|-damage|p2a: Cloyster|56\/100 par|[from] Spikes
|move|p1a: Sextank|Body Slam|p2a: Cloyster
|-crit|p2a: Cloyster
|-damage|p2a: Cloyster|19\/100 par
|
|-heal|p1a: Sextank|94\/100|[from] item: Leftovers
|-heal|p2a: Cloyster|25\/100 par|[from] item: Leftovers
|upkeep
|turn|36
|
|move|p1a: Sextank|Growl|p2a: Cloyster
|-unboost|p2a: Cloyster|atk|1
|move|p2a: Cloyster|Rest|p2a: Cloyster
|-status|p2a: Cloyster|slp
|-heal|p2a: Cloyster|100\/100 slp|[silent]
|-status|p2a: Cloyster|slp|[from] move: Rest
|
|-heal|p1a: Sextank|99\/100|[from] item: Leftovers
|upkeep
|turn|37
|inactive|Mr.E has 120 seconds left.
|
|switch|p1a: Sexdos|Zapdos|100\/100
|cant|p2a: Cloyster|slp
|
|upkeep
|turn|38
|
|switch|p2a: Raichu|Raichu, F|100\/100 slp
|-damage|p2a: Raichu|88\/100 slp|[from] Spikes
|move|p1a: Sexdos|Whirlwind|p2a: Raichu
|drag|p2a: Snorlax|Snorlax, M|70\/100
|-damage|p2a: Snorlax|58\/100|[from] Spikes
|
|-heal|p2a: Snorlax|64\/100|[from] item: Leftovers
|upkeep
|turn|39
|inactive|LEGEND TIBA has 285 seconds left.
|inactive|Mr.E has 120 seconds left.
|inactive|LEGEND TIBA has 270 seconds left.
|
|move|p1a: Sexdos|Thunderbolt|p2a: Snorlax
|-crit|p2a: Snorlax
|-damage|p2a: Snorlax|19\/100
|move|p2a: Snorlax|Double-Edge|p1a: Sexdos
|-damage|p1a: Sexdos|54\/100
|-damage|p2a: Snorlax|11\/100|[from] Recoil|[of] p1a: Sexdos
|
|-heal|p1a: Sexdos|60\/100|[from] item: Leftovers
|-heal|p2a: Snorlax|17\/100|[from] item: Leftovers
|upkeep
|turn|40
|inactive|LEGEND TIBA has 270 seconds left.
|
|switch|p2a: Raichu|Raichu, F|88\/100 slp
|-damage|p2a: Raichu|76\/100 slp|[from] Spikes
|move|p1a: Sexdos|Thunderbolt|p2a: Raichu
|-resisted|p2a: Raichu
|-damage|p2a: Raichu|51\/100 slp
|
|-heal|p1a: Sexdos|66\/100|[from] item: Leftovers
|-heal|p2a: Raichu|57\/100 slp|[from] item: Leftovers
|upkeep
|turn|41
|
|cant|p2a: Raichu|slp
|move|p1a: Sexdos|Whirlwind|p2a: Raichu
|drag|p2a: Tyranitar|Tyranitar, M|80\/100
|-damage|p2a: Tyranitar|68\/100|[from] Spikes
|
|-heal|p1a: Sexdos|72\/100|[from] item: Leftovers
|-heal|p2a: Tyranitar|74\/100|[from] item: Leftovers
|upkeep
|turn|42
|inactive|Mr.E has 105 seconds left.
|inactive|LEGEND TIBA has 270 seconds left.
|
|switch|p2a: Starmie|Starmie|51\/100 psn
|-damage|p2a: Starmie|39\/100 psn|[from] Spikes
|-damage|p2a: Starmie|26\/100 psn|[from] psn
|move|p1a: Sexdos|Thunder Wave|p2a: Starmie
|-fail|p2a: Starmie
|
|-heal|p2a: Starmie|32\/100 psn|[from] item: Leftovers
|-heal|p1a: Sexdos|78\/100|[from] item: Leftovers
|upkeep
|turn|43
|inactive|Mr.E has 90 seconds left.
|inactive|LEGEND TIBA has 255 seconds left.
|
|move|p2a: Starmie|Rapid Spin|p1a: Sexdos
|-damage|p1a: Sexdos|74\/100
|-sideend|p2: LEGEND TIBA|Spikes|[from] move: Rapid Spin|[of] p2a: Starmie
|-damage|p2a: Starmie|20\/100 psn|[from] psn|[of] p1a: Sexdos
|move|p1a: Sexdos|Thunderbolt|p2a: Starmie
|-supereffective|p2a: Starmie
|-damage|p2a: Starmie|0 fnt
|faint|p2a: Starmie
|
|switch|p2a: Snorlax|Snorlax, M|17\/100
|
|-heal|p1a: Sexdos|80\/100|[from] item: Leftovers
|-heal|p2a: Snorlax|23\/100|[from] item: Leftovers
|upkeep
|turn|44
|inactive|Mr.E has 105 seconds left.
|inactive|LEGEND TIBA has 255 seconds left.
|inactive|LEGEND TIBA has 240 seconds left.
|
|switch|p2a: Tyranitar|Tyranitar, M|74\/100
|move|p1a: Sexdos|Thunderbolt|p2a: Tyranitar
|-damage|p2a: Tyranitar|42\/100
|-status|p2a: Tyranitar|par
|
|-heal|p1a: Sexdos|86\/100|[from] item: Leftovers
|-heal|p2a: Tyranitar|48\/100 par|[from] item: Leftovers
|upkeep
|turn|45
|inactive|Mr.E has 105 seconds left.
|inactive|LEGEND TIBA has 225 seconds left.
|
|move|p1a: Sexdos|Thunderbolt|p2a: Tyranitar
|-damage|p2a: Tyranitar|16\/100 par
|move|p2a: Tyranitar|Rest|p2a: Tyranitar
|-status|p2a: Tyranitar|slp
|-heal|p2a: Tyranitar|100\/100 slp|[silent]
|-status|p2a: Tyranitar|slp|[from] move: Rest
|
|-heal|p1a: Sexdos|92\/100|[from] item: Leftovers
|upkeep
|turn|46
|inactive|LEGEND TIBA has 225 seconds left.
|inactive|Mr.E has 90 seconds left.
|
|switch|p2a: Snorlax|Snorlax, M|23\/100
|move|p1a: Sexdos|Thunderbolt|p2a: Snorlax
|-damage|p2a: Snorlax|0 fnt
|faint|p2a: Snorlax
|
|switch|p2a: Raichu|Raichu, F|57\/100 slp
|
|-heal|p1a: Sexdos|98\/100|[from] item: Leftovers
|-heal|p2a: Raichu|64\/100 slp|[from] item: Leftovers
|upkeep
|turn|47
|inactive|Mr.E has 90 seconds left.
|inactive|Mr.E has 75 seconds left.
|
|move|p1a: Sexdos|Thunderbolt|p2a: Raichu
|-resisted|p2a: Raichu
|-damage|p2a: Raichu|41\/100 slp
|-curestatus|p2a: Raichu|slp|[msg]
|move|p2a: Raichu|Thunderbolt|p1a: Sexdos
|-damage|p1a: Sexdos|67\/100
|
|-heal|p2a: Raichu|47\/100|[from] item: Leftovers
|-heal|p1a: Sexdos|73\/100|[from] item: Leftovers
|upkeep
|turn|48
|inactive|LEGEND TIBA has 240 seconds left.
|
|move|p1a: Sexdos|Thunder Wave|p2a: Raichu
|-status|p2a: Raichu|par
|move|p2a: Raichu|Rest|p2a: Raichu
|-status|p2a: Raichu|slp
|-heal|p2a: Raichu|100\/100 slp|[silent]
|-status|p2a: Raichu|slp|[from] move: Rest
|
|-heal|p1a: Sexdos|79\/100|[from] item: Leftovers
|upkeep
|turn|49
|
|cant|p2a: Raichu|slp
|move|p1a: Sexdos|Hidden Power|p2a: Raichu
|-damage|p2a: Raichu|78\/100 slp
|
|-heal|p2a: Raichu|84\/100 slp|[from] item: Leftovers
|-heal|p1a: Sexdos|85\/100|[from] item: Leftovers
|upkeep
|turn|50
|inactive|LEGEND TIBA has 255 seconds left.
|
|move|p1a: Sexdos|Hidden Power|p2a: Raichu
|-damage|p2a: Raichu|61\/100 slp
|cant|p2a: Raichu|slp
|
|-heal|p1a: Sexdos|91\/100|[from] item: Leftovers
|-heal|p2a: Raichu|67\/100 slp|[from] item: Leftovers
|upkeep
|turn|51
|inactive|Mr.E has 75 seconds left.
|
|switch|p1a: Sexeggutor|Exeggutor, M|99\/100
|-damage|p1a: Sexeggutor|88\/100|[from] Spikes
|-curestatus|p2a: Raichu|slp|[msg]
|move|p2a: Raichu|Toxic|p1a: Sexeggutor
|-status|p1a: Sexeggutor|tox
|
|-heal|p2a: Raichu|74\/100|[from] item: Leftovers
|-heal|p1a: Sexeggutor|94\/100 tox|[from] item: Leftovers
|upkeep
|turn|52
|inactive|LEGEND TIBA has 270 seconds left.
|inactive|Mr.E has 60 seconds left.
|
|switch|p2a: Skarmory|Skarmory, M|100\/100
|switch|p1a: Cloysex|Cloyster, M|100\/100
|-damage|p1a: Cloysex|88\/100|[from] Spikes
|
|-heal|p1a: Cloysex|94\/100|[from] item: Leftovers
|upkeep
|turn|53
|
|switch|p2a: Cloyster|Cloyster, M|100\/100 slp
|move|p1a: Cloysex|Spikes|p2a: Cloyster
|-sidestart|p2: LEGEND TIBA|Spikes
|
|-heal|p1a: Cloysex|99\/100|[from] item: Leftovers
|upkeep
|turn|54
|inactive|Mr.E has 60 seconds left.
|
|move|p1a: Cloysex|Surf|p2a: Cloyster
|-resisted|p2a: Cloyster
|-damage|p2a: Cloyster|73\/100 slp
|cant|p2a: Cloyster|slp
|
|-heal|p2a: Cloyster|79\/100 slp|[from] item: Leftovers
|-heal|p1a: Cloysex|100\/100|[from] item: Leftovers
|upkeep
|turn|55
|inactive|Mr.E has 60 seconds left.
|
|move|p1a: Cloysex|Surf|p2a: Cloyster
|-resisted|p2a: Cloyster
|-damage|p2a: Cloyster|53\/100 slp
|-curestatus|p2a: Cloyster|slp|[msg]
|move|p2a: Cloyster|Toxic|p1a: Cloysex
|-status|p1a: Cloysex|tox
|
|-heal|p2a: Cloyster|59\/100|[from] item: Leftovers
|upkeep
|turn|56
|inactive|Mr.E has 60 seconds left.
|inactive|LEGEND TIBA has 285 seconds left.
|
|move|p2a: Cloyster|Surf|p1a: Cloysex
|-resisted|p1a: Cloysex
|-damage|p1a: Cloysex|75\/100 tox
|move|p1a: Cloysex|Surf|p2a: Cloyster
|-resisted|p2a: Cloyster
|-damage|p2a: Cloyster|31\/100
|-damage|p1a: Cloysex|69\/100 tox|[from] tox|[of] p2a: Cloyster
|
|-heal|p1a: Cloysex|75\/100 tox|[from] item: Leftovers
|-heal|p2a: Cloyster|37\/100|[from] item: Leftovers
|upkeep
|turn|57
|inactive|Mr.E has 60 seconds left.
|inactive|Mr.E has 45 seconds left.
|
|switch|p1a: Sexdos|Zapdos|91\/100
|move|p2a: Cloyster|Rest|p2a: Cloyster
|-status|p2a: Cloyster|slp
|-heal|p2a: Cloyster|100\/100 slp|[silent]
|-status|p2a: Cloyster|slp|[from] move: Rest
|
|-heal|p1a: Sexdos|97\/100|[from] item: Leftovers
|upkeep
|turn|58
|
|switch|p2a: Raichu|Raichu, F|74\/100
|-damage|p2a: Raichu|61\/100|[from] Spikes
|move|p1a: Sexdos|Thunderbolt|p2a: Raichu
|-resisted|p2a: Raichu
|-damage|p2a: Raichu|36\/100
|
|-heal|p1a: Sexdos|100\/100|[from] item: Leftovers
|-heal|p2a: Raichu|43\/100|[from] item: Leftovers
|upkeep
|turn|59
|inactive|LEGEND TIBA has 285 seconds left.
|inactive|Mr.E has 45 seconds left.
|inactive|LEGEND TIBA has 270 seconds left.
|
|move|p2a: Raichu|Toxic|p1a: Sexdos
|-status|p1a: Sexdos|tox
|move|p1a: Sexdos|Whirlwind|p2a: Raichu
|drag|p2a: Cloyster|Cloyster, M|100\/100 slp
|-damage|p1a: Sexdos|94\/100 tox|[from] tox|[of] p2: Raichu
|-damage|p2a: Cloyster|88\/100 slp|[from] Spikes
|
|-heal|p1a: Sexdos|100\/100 tox|[from] item: Leftovers
|-heal|p2a: Cloyster|94\/100 slp|[from] item: Leftovers
|upkeep
|turn|60
|inactive|LEGEND TIBA has 270 seconds left.
|
|switch|p2a: Tyranitar|Tyranitar, M|100\/100 slp
|-damage|p2a: Tyranitar|88\/100 slp|[from] Spikes
|move|p1a: Sexdos|Thunderbolt|p2a: Tyranitar
|-damage|p2a: Tyranitar|55\/100 slp
|-damage|p1a: Sexdos|88\/100 tox|[from] tox|[of] p2a: Tyranitar
|
|-heal|p1a: Sexdos|94\/100 tox|[from] item: Leftovers
|-heal|p2a: Tyranitar|61\/100 slp|[from] item: Leftovers
|upkeep
|turn|61
|
|switch|p2a: Raichu|Raichu, F|43\/100
|-damage|p2a: Raichu|30\/100|[from] Spikes
|move|p1a: Sexdos|Thunderbolt|p2a: Raichu
|-resisted|p2a: Raichu
|-damage|p2a: Raichu|9\/100
|-damage|p1a: Sexdos|76\/100 tox|[from] tox|[of] p2a: Raichu
|
|-heal|p2a: Raichu|15\/100|[from] item: Leftovers
|-heal|p1a: Sexdos|82\/100 tox|[from] item: Leftovers
|upkeep
|turn|62
|
|move|p1a: Sexdos|Hidden Power|p2a: Raichu
|-crit|p2a: Raichu
|-damage|p2a: Raichu|0 fnt
|faint|p2a: Raichu
|
|switch|p2a: Tyranitar|Tyranitar, M|61\/100 slp
|-damage|p2a: Tyranitar|49\/100 slp|[from] Spikes
|
|-heal|p1a: Sexdos|88\/100 tox|[from] item: Leftovers
|-heal|p2a: Tyranitar|55\/100 slp|[from] item: Leftovers
|upkeep
|turn|63
|
|move|p1a: Sexdos|Thunderbolt|p2a: Tyranitar
|-crit|p2a: Tyranitar
|-damage|p2a: Tyranitar|0 fnt
|faint|p2a: Tyranitar
|-message|LEGEND TIBA forfeited.
|
|win|Mr.E
</script>
</div>
<div class="battle-log battle-log-inline"><div class="inner"><div class="battle-options"></div><div class="inner"><div class="chat message-error">Battle timer is ON: inactive players will automatically lose when time's up.</div><div class=""><small>Format:</small> <br><strong>[Gen 2] OU</strong></div><div class=""><small><em>Sleep Clause Mod:</em> Limit one foe put to sleep</small></div><div class=""><small><em>Freeze Clause Mod:</em> Limit one foe frozen</small></div><div class=""><small><em>Species Clause:</em> Limit one of each Pokémon</small></div><div class=""><small><em>OHKO Clause:</em> OHKO moves are banned</small></div><div class=""><small><em>Evasion Moves Clause:</em> Evasion moves are banned</small></div><div class=""><small><em>HP Percentage Mod:</em> HP is shown in percentages</small></div><div class="spacer battle-history"><br></div><div class="battle-history">Battle started between Mr.E and LEGEND TIBA!<br></div><div class="spacer battle-history"><br></div><div class="battle-history">Go! hood (<strong>Tyranitar</strong>)!<br></div><div class="spacer battle-history"><br></div><div class="battle-history">LEGEND TIBA sent out <strong>Snorlax</strong>!<br></div><div class="spacer battle-history"><br></div><h2 class="battle-history">Turn 1</h2><div class="chat chatmessage-bkc"><strong style="color:#7f7f2f"><small>+</small><span class="username" data-name="BKC">BKC</span>:</strong> <em>thank christ</em></div><div class="chat chatmessage-finchinator"><strong style="color:#4754e6"><small>+</small><span class="username" data-name="Finchinator">Finchinator</span>:</strong> <em>GOOOO</em></div><div class="chat"><div class="broadcast-red"><strong>Moderated chat was set to ☆!</strong><br>Only users of rank ☆ and higher can talk.</div></div><div class="chat chatmessage-legendtiba"><strong style="color:#742def"><small>☆</small><span class="username" data-name="LEGEND TIBA">LEGEND TIBA</span>:</strong> <em>Mr.Easy</em></div><div class="spacer battle-history"><br></div><div class="battle-history">hood used <strong>Rock Slide</strong>!<br></div><div class="battle-history"><small>(The opposing Snorlax lost 27% of its health!)</small><br></div><div class="spacer battle-history"><br></div><div class="battle-history">The opposing Snorlax flinched and couldn't move!<br></div><div class="spacer battle-history"><br></div><div class="battle-history"><small>The opposing Snorlax restored a little HP using its Leftovers!</small><br></div><div class="spacer battle-history"><br></div><h2 class="battle-history">Turn 2</h2><div class="chat message-error">LEGEND TIBA has 285 seconds left.</div><div class="chat chatmessage-legendtiba"><strong style="color:#742def"><small>☆</small><span class="username" data-name="LEGEND TIBA">LEGEND TIBA</span>:</strong> <em>thief</em></div><div class="spacer battle-history"><br></div><div class="battle-history">hood used <strong>Rock Slide</strong>!<br></div><div class="battle-history"><small>hood's attack missed!</small><br></div><div class="spacer battle-history"><br></div><div class="battle-history">The opposing Snorlax used <strong>Toxic</strong>!<br></div><div class="battle-history"><small>hood was badly poisoned!</small><br></div><div class="spacer battle-history"><br></div><div class="battle-history"><small>The opposing Snorlax restored a little HP using its Leftovers!</small><br></div><div class="spacer battle-history"><br></div><h2 class="battle-history">Turn 3</h2><div class="chat message-error">LEGEND TIBA has 285 seconds left.</div><div class="chat message-error">Mr.E has 285 seconds left.</div><div class="spacer battle-history"><br></div><div class="battle-history">hood used <strong>Rock Slide</strong>!<br></div><div class="battle-history"><small>(The opposing Snorlax lost 25% of its health!)</small><br></div><div class="battle-history"><small>hood was hurt by poison!</small><br></div><div class="spacer battle-history"><br></div><div class="battle-history">The opposing Snorlax flinched and couldn't move!<br></div><div class="spacer battle-history"><br></div><div class="battle-history"><small>hood restored a little HP using its Leftovers!</small><br></div><div class="battle-history"><small>The opposing Snorlax restored a little HP using its Leftovers!</small><br></div><div class="spacer battle-history"><br></div><h2 class="battle-history">Turn 4</h2><div class="chat message-error">LEGEND TIBA has 285 seconds left.</div><div class="chat message-error">Mr.E has 285 seconds left.</div><div class="chat message-error">LEGEND TIBA has 270 seconds left.</div><div class="spacer battle-history"><br></div><div class="battle-history">hood used <strong>Rock Slide</strong>!<br></div><div class="battle-history"><small>(The opposing Snorlax lost 27% of its health!)</small><br></div><div class="battle-history"><small>hood was hurt by poison!</small><br></div><div class="spacer battle-history"><br></div><div class="battle-history">The opposing Snorlax flinched and couldn't move!<br></div><div class="spacer battle-history"><br></div><div class="battle-history"><small>hood restored a little HP using its Leftovers!</small><br></div><div class="battle-history"><small>The opposing Snorlax restored a little HP using its Leftovers!</small><br></div><div class="spacer battle-history"><br></div><h2 class="battle-history">Turn 5</h2><div class="chat message-error">Mr.E has 285 seconds left.</div><div class="chat message-error">LEGEND TIBA has 270 seconds left.</div><div class="spacer battle-history"><br></div><div class="battle-history">hood used <strong>Rock Slide</strong>!<br></div><div class="battle-history"><small>(The opposing Snorlax lost 28% of its health!)</small><br></div><div class="battle-history"><small>hood was hurt by poison!</small><br></div><div class="spacer battle-history"><br></div><div class="battle-history">The opposing Snorlax used <strong>Rest</strong>!<br></div><div class="battle-history"><small>The opposing Snorlax fell asleep!</small><br></div><div class="battle-history"><small>The opposing Snorlax slept and became healthy!</small><br></div><div class="spacer battle-history"><br></div><div class="battle-history"><small>hood restored a little HP using its Leftovers!</small><br></div><div class="spacer battle-history"><br></div><h2 class="battle-history">Turn 6</h2><div class="chat message-error">Mr.E has 285 seconds left.</div><div class="spacer battle-history"><br></div><div class="battle-history">hood, come back!<br></div><div class="battle-history">Go! Cloysex (<strong>Cloyster</strong>)!<br></div><div class="spacer battle-history"><br></div><div class="battle-history">The opposing Snorlax is fast asleep.<br></div><div class="spacer battle-history"><br></div><h2 class="battle-history">Turn 7</h2><div class="chat message-error">Mr.E has 285 seconds left.</div><div class="spacer battle-history"><br></div><div class="battle-history">LEGEND TIBA withdrew Snorlax!<br></div><div class="battle-history">LEGEND TIBA sent out <strong>Starmie</strong>!<br></div><div class="spacer battle-history"><br></div><div class="battle-history">Cloysex used <strong>Spikes</strong>!<br></div><div class="battle-history"><small>Spikes were scattered on the ground all around the opposing team!</small><br></div><div class="spacer battle-history"><br></div><h2 class="battle-history">Turn 8</h2><div class="chat message-error">Mr.E has 285 seconds left.</div><div class="spacer battle-history"><br></div><div class="battle-history">The opposing Starmie used <strong>Rapid Spin</strong>!<br></div><div class="battle-history"><small>(Cloysex lost 2% of its health!)</small><br></div><div class="battle-history"><small>The spikes disappeared from the ground around the opposing team!</small><br></div><div class="spacer battle-history"><br></div><div class="battle-history">Cloysex used <strong>Toxic</strong>!<br></div><div class="battle-history"><small>The opposing Starmie was badly poisoned!</small><br></div><div class="spacer battle-history"><br></div><div class="battle-history"><small>Cloysex restored a little HP using its Leftovers!</small><br></div><div class="spacer battle-history"><br></div><h2 class="battle-history">Turn 9</h2><div class="chat message-error">Mr.E has 285 seconds left.</div><div class="spacer battle-history"><br></div><div class="battle-history">Cloysex, come back!<br></div><div class="battle-history">Go! uber (<strong>Snorlax</strong>)!<br></div><div class="spacer battle-history"><br></div><div class="battle-history">The opposing Starmie used <strong>Psychic</strong>!<br></div><div class="battle-history"><small>(uber lost 17% of its health!)</small><br></div><div class="battle-history"><small>The opposing Starmie was hurt by poison!</small><br></div><div class="spacer battle-history"><br></div><div class="battle-history"><small>The opposing Starmie restored a little HP using its Leftovers!</small><br></div><div class="battle-history"><small>uber restored a little HP using its Leftovers!</small><br></div><div class="spacer battle-history"><br></div><h2 class="battle-history">Turn 10</h2><div class="chat message-error">Mr.E has 285 seconds left.</div><div class="spacer battle-history"><br></div><div class="battle-history">LEGEND TIBA withdrew Starmie!<br></div><div class="battle-history">LEGEND TIBA sent out <strong>Cloyster</strong>!<br></div><div class="spacer battle-history"><br></div><div class="battle-history">uber used <strong>Fire Blast</strong>!<br></div><div class="battle-history"><small>(The opposing Cloyster lost 35% of its health!)</small><br></div><div class="spacer battle-history"><br></div><div class="battle-history"><small>The opposing Cloyster restored a little HP using its Leftovers!</small><br></div><div class="battle-history"><small>uber restored a little HP using its Leftovers!</small><br></div><div class="spacer battle-history"><br></div><h2 class="battle-history">Turn 11</h2><div class="chat message-error">Mr.E has 285 seconds left.</div><div class="chat message-error">LEGEND TIBA has 285 seconds left.</div><div class="chat message-error">Mr.E has 270 seconds left.</div><div class="chat message-error">Mr.E has 255 seconds left.</div><div class="chat message-error">Mr.E has 240 seconds left.</div><div class="spacer battle-history"><br></div><div class="battle-history">uber, come back!<br></div><div class="battle-history">Go! Sexdos (<strong>Zapdos</strong>)!<br></div><div class="spacer battle-history"><br></div><div class="battle-history">The opposing Cloyster used <strong>Toxic</strong>!<br></div><div class="battle-history"><small>Sexdos was badly poisoned!</small><br></div><div class="spacer battle-history"><br></div><div class="battle-history"><small>The opposing Cloyster restored a little HP using its Leftovers!</small><br></div><div class="spacer battle-history"><br></div><h2 class="battle-history">Turn 12</h2><div class="chat message-error">Mr.E has 240 seconds left.</div><div class="chat message-error">LEGEND TIBA has 285 seconds left.</div><div class="spacer battle-history"><br></div><div class="battle-history">Sexdos, come back!<br></div><div class="battle-history">Go! Sextank (<strong>Miltank</strong>)!<br></div><div class="spacer battle-history"><br></div><div class="battle-history">LEGEND TIBA withdrew Cloyster!<br></div><div class="battle-history">LEGEND TIBA sent out <strong>Snorlax</strong>!<br></div><div class="spacer battle-history"><br></div><h2 class="battle-history">Turn 13</h2><div class="chat message-error">Mr.E has 240 seconds left.</div><div class="chat message-error">LEGEND TIBA has 285 seconds left.</div><div class="spacer battle-history"><br></div><div class="battle-history">LEGEND TIBA withdrew Snorlax!<br></div><div class="battle-history">LEGEND TIBA sent out <strong>Cloyster</strong>!<br></div><div class="spacer battle-history"><br></div><div class="battle-history">Sextank used <strong>Heal Bell</strong>!<br></div><div class="battle-history"><small>A bell chimed!</small><br></div><div class="spacer battle-history"><br></div><div class="battle-history"><small>The opposing Cloyster restored a little HP using its Leftovers!</small><br></div><div class="spacer battle-history"><br></div><h2 class="battle-history">Turn 14</h2><div class="chat message-error">Mr.E has 240 seconds left.</div><div class="chat message-error">LEGEND TIBA has 285 seconds left.</div><div class="spacer battle-history"><br></div><div class="battle-history">Sextank used <strong>Body Slam</strong>!<br></div><div class="battle-history"><small>(The opposing Cloyster lost 20% of its health!)</small><br></div><div class="battle-history"><small>The opposing Cloyster is paralyzed! It may be unable to move!</small><br></div><div class="spacer battle-history"><br></div><div class="battle-history">The opposing Cloyster is paralyzed! It can't move!<br></div><div class="spacer battle-history"><br></div><div class="battle-history"><small>The opposing Cloyster restored a little HP using its Leftovers!</small><br></div><div class="spacer battle-history"><br></div><h2 class="battle-history">Turn 15</h2><div class="chat message-error">Mr.E has 240 seconds left.</div><div class="chat message-error">LEGEND TIBA has 285 seconds left.</div><div class="spacer battle-history"><br></div><div class="battle-history">Sextank, come back!<br></div><div class="battle-history">Go! Sexdos (<strong>Zapdos</strong>)!<br></div><div class="spacer battle-history"><br></div><div class="battle-history">The opposing Cloyster used <strong>Spikes</strong>!<br></div><div class="battle-history"><small>Spikes were scattered on the ground all around your team!</small><br></div><div class="spacer battle-history"><br></div><div class="battle-history"><small>The opposing Cloyster restored a little HP using its Leftovers!</small><br></div><div class="spacer battle-history"><br></div><h2 class="battle-history">Turn 16</h2><div class="spacer battle-history"><br></div><div class="battle-history">Sexdos, come back!<br></div><div class="battle-history">Go! Cloysex (<strong>Cloyster</strong>)!<br></div><div class="battle-history"><small>Cloysex was hurt by the spikes!</small><br></div><div class="spacer battle-history"><br></div><div class="battle-history">LEGEND TIBA withdrew Cloyster!<br></div><div class="battle-history">LEGEND TIBA sent out <strong>Snorlax</strong>!<br></div><div class="spacer battle-history"><br></div><div class="battle-history"><small>Cloysex restored a little HP using its Leftovers!</small><br></div><div class="spacer battle-history"><br></div><h2 class="battle-history">Turn 17</h2><div class="chat message-error">Mr.E has 240 seconds left.</div><div class="chat message-error">LEGEND TIBA disconnected!</div><div class="chat message-error">LEGEND TIBA has 285 seconds left.</div><div class="chat message-error">Battle timer is now OFF.</div><div class="chat chatmessage-legendtiba"><strong style="color:#742def"><small>☆</small><span class="username" data-name="LEGEND TIBA">LEGEND TIBA</span>:</strong> <em>back</em></div><div class="chat message-error">Battle timer is ON: inactive players will automatically lose when time's up. (requested by dream)</div><div class="spacer battle-history"><br></div><div class="battle-history">LEGEND TIBA withdrew Snorlax!<br></div><div class="battle-history">LEGEND TIBA sent out <strong>Starmie</strong>!<br></div><div class="battle-history"><small>The opposing Starmie was poisoned!</small><br></div><div class="battle-history"><small>The opposing Starmie was hurt by poison!</small><br></div><div class="spacer battle-history"><br></div><div class="battle-history">Cloysex used <strong>Spikes</strong>!<br></div><div class="battle-history"><small>Spikes were scattered on the ground all around the opposing team!</small><br></div><div class="spacer battle-history"><br></div><div class="battle-history"><small>The opposing Starmie restored a little HP using its Leftovers!</small><br></div><div class="battle-history"><small>Cloysex restored a little HP using its Leftovers!</small><br></div><div class="spacer battle-history"><br></div><h2 class="battle-history">Turn 18</h2><div class="spacer battle-history"><br></div><div class="battle-history">The opposing Starmie used <strong>Rapid Spin</strong>!<br></div><div class="battle-history"><small>(Cloysex lost 2% of its health!)</small><br></div><div class="battle-history"><small>The spikes disappeared from the ground around the opposing team!</small><br></div><div class="battle-history"><small>The opposing Starmie was hurt by poison!</small><br></div><div class="spacer battle-history"><br></div><div class="battle-history">Cloysex used <strong>Spikes</strong>!<br></div><div class="battle-history"><small>Spikes were scattered on the ground all around the opposing team!</small><br></div><div class="spacer battle-history"><br></div><div class="battle-history"><small>The opposing Starmie restored a little HP using its Leftovers!</small><br></div><div class="battle-history"><small>Cloysex restored a little HP using its Leftovers!</small><br></div><div class="spacer battle-history"><br></div><h2 class="battle-history">Turn 19</h2><div class="chat message-error">Mr.E has 240 seconds left.</div><div class="spacer battle-history"><br></div><div class="battle-history">The opposing Starmie used <strong>Rapid Spin</strong>!<br></div><div class="battle-history"><small>A critical hit!</small><br></div><div class="battle-history"><small>(Cloysex lost 5% of its health!)</small><br></div><div class="battle-history"><small>The spikes disappeared from the ground around the opposing team!</small><br></div><div class="battle-history"><small>The opposing Starmie was hurt by poison!</small><br></div><div class="spacer battle-history"><br></div><div class="battle-history">Cloysex used <strong>Spikes</strong>!<br></div><div class="battle-history"><small>Spikes were scattered on the ground all around the opposing team!</small><br></div><div class="spacer battle-history"><br></div><div class="battle-history"><small>The opposing Starmie restored a little HP using its Leftovers!</small><br></div><div class="battle-history"><small>Cloysex restored a little HP using its Leftovers!</small><br></div><div class="spacer battle-history"><br></div><h2 class="battle-history">Turn 20</h2><div class="chat message-error">Mr.E has 225 seconds left.</div><div class="chat message-error">LEGEND TIBA has 285 seconds left.</div><div class="spacer battle-history"><br></div><div class="battle-history">Cloysex, come back!<br></div><div class="battle-history">Go! hood (<strong>Tyranitar</strong>)!<br></div><div class="battle-history"><small>hood was hurt by the spikes!</small><br></div><div class="spacer battle-history"><br></div><div class="battle-history">The opposing Starmie used <strong>Psychic</strong>!<br></div><div class="battle-history"><small>It doesn't affect hood...</small><br></div><div class="battle-history"><small>The opposing Starmie was hurt by poison!</small><br></div><div class="spacer battle-history"><br></div><div class="battle-history"><small>The opposing Starmie restored a little HP using its Leftovers!</small><br></div><div class="battle-history"><small>hood restored a little HP using its Leftovers!</small><br></div><div class="spacer battle-history"><br></div><h2 class="battle-history">Turn 21</h2><div class="chat message-error">Mr.E has 225 seconds left.</div><div class="spacer battle-history"><br></div><div class="battle-history">The opposing Starmie used <strong>Surf</strong>!<br></div><div class="battle-history"><small>It's super effective!</small><br></div><div class="battle-history"><small>(hood lost 60% of its health!)</small><br></div><div class="battle-history"><small>The opposing Starmie was hurt by poison!</small><br></div><div class="spacer battle-history"><br></div><div class="battle-history">hood used <strong>Crunch</strong>!<br></div><div class="battle-history"><small>It's super effective!</small><br></div><div class="battle-history"><small>(The opposing Starmie lost 62% of its health!)</small><br></div><div class="spacer battle-history"><br></div><div class="battle-history"><small>The opposing Starmie restored a little HP using its Leftovers!</small><br></div><div class="battle-history"><small>hood restored a little HP using its Leftovers!</small><br></div><div class="spacer battle-history"><br></div><h2 class="battle-history">Turn 22</h2><div class="chat message-error">Mr.E has 225 seconds left.</div><div class="chat message-error">LEGEND TIBA has 285 seconds left.</div><div class="chat message-error">Mr.E has 210 seconds left.</div><div class="chat message-error">LEGEND TIBA has 270 seconds left.</div><div class="chat message-error">Mr.E has 195 seconds left.</div><div class="spacer battle-history"><br></div><div class="battle-history">hood, come back!<br></div><div class="battle-history">Go! Sexdos (<strong>Zapdos</strong>)!<br></div><div class="spacer battle-history"><br></div><div class="battle-history">The opposing Starmie used <strong>Recover</strong>!<br></div><div class="battle-history"><small>The opposing Starmie had its HP restored.</small><br></div><div class="battle-history"><small>The opposing Starmie was hurt by poison!</small><br></div><div class="spacer battle-history"><br></div><div class="battle-history"><small>The opposing Starmie restored a little HP using its Leftovers!</small><br></div><div class="spacer battle-history"><br></div><h2 class="battle-history">Turn 23</h2><div class="chat message-error">Mr.E has 195 seconds left.</div><div class="chat message-error">LEGEND TIBA has 270 seconds left.</div><div class="spacer battle-history"><br></div><div class="battle-history">LEGEND TIBA withdrew Starmie!<br></div><div class="battle-history">LEGEND TIBA sent out <strong>Snorlax</strong>!<br></div><div class="battle-history"><small>The opposing Snorlax was hurt by the spikes!</small><br></div><div class="spacer battle-history"><br></div><div class="battle-history">Sexdos used <strong>Whirlwind</strong>!<br></div><div class="spacer battle-history"><br></div><div class="battle-history"><strong>Cloyster</strong> was dragged out!<br></div><div class="battle-history"><small>The opposing Cloyster was hurt by the spikes!</small><br></div><div class="spacer battle-history"><br></div><div class="battle-history"><small>The opposing Cloyster restored a little HP using its Leftovers!</small><br></div><div class="spacer battle-history"><br></div><h2 class="battle-history">Turn 24</h2><div class="chat message-error">LEGEND TIBA has 270 seconds left.</div><div class="chat message-error">Mr.E has 180 seconds left.</div><div class="spacer battle-history"><br></div><div class="battle-history">LEGEND TIBA withdrew Cloyster!<br></div><div class="battle-history">LEGEND TIBA sent out <strong>Snorlax</strong>!<br></div><div class="battle-history"><small>The opposing Snorlax was hurt by the spikes!</small><br></div><div class="spacer battle-history"><br></div><div class="battle-history">Sexdos used <strong>Thunderbolt</strong>!<br></div><div class="battle-history"><small>(The opposing Snorlax lost 25% of its health!)</small><br></div><div class="spacer battle-history"><br></div><div class="battle-history"><small>The opposing Snorlax restored a little HP using its Leftovers!</small><br></div><div class="spacer battle-history"><br></div><h2 class="battle-history">Turn 25</h2><div class="chat message-error">LEGEND TIBA has 270 seconds left.</div><div class="chat message-error">Mr.E has 180 seconds left.</div><div class="spacer battle-history"><br></div><div class="battle-history">Sexdos used <strong>Thunderbolt</strong>!<br></div><div class="battle-history"><small>(The opposing Snorlax lost 24% of its health!)</small><br></div><div class="spacer battle-history"><br></div><div class="battle-history">The opposing Snorlax is fast asleep.<br></div><div class="spacer battle-history"><br></div><div class="battle-history"><small>The opposing Snorlax restored a little HP using its Leftovers!</small><br></div><div class="spacer battle-history"><br></div><h2 class="battle-history">Turn 26</h2><div class="spacer battle-history"><br></div><div class="battle-history">Sexdos used <strong>Thunderbolt</strong>!<br></div><div class="battle-history"><small>(The opposing Snorlax lost 23% of its health!)</small><br></div><div class="battle-history"><small>The opposing Snorlax woke up!</small><br></div><div class="spacer battle-history"><br></div><div class="battle-history">The opposing Snorlax used <strong>Rest</strong>!<br></div><div class="battle-history"><small>The opposing Snorlax fell asleep!</small><br></div><div class="battle-history"><small>The opposing Snorlax slept and became healthy!</small><br></div><div class="spacer battle-history"><br></div><h2 class="battle-history">Turn 27</h2><div class="spacer battle-history"><br></div><div class="battle-history">Sexdos used <strong>Thunderbolt</strong>!<br></div><div class="battle-history"><small>(The opposing Snorlax lost 23% of its health!)</small><br></div><div class="spacer battle-history"><br></div><div class="battle-history">The opposing Snorlax is fast asleep.<br></div><div class="spacer battle-history"><br></div><div class="battle-history"><small>The opposing Snorlax restored a little HP using its Leftovers!</small><br></div><div class="spacer battle-history"><br></div><h2 class="battle-history">Turn 28</h2><div class="spacer battle-history"><br></div><div class="battle-history">Sexdos used <strong>Thunderbolt</strong>!<br></div><div class="battle-history"><small>(The opposing Snorlax lost 25% of its health!)</small><br></div><div class="spacer battle-history"><br></div><div class="battle-history">The opposing Snorlax is fast asleep.<br></div><div class="spacer battle-history"><br></div><div class="battle-history"><small>The opposing Snorlax restored a little HP using its Leftovers!</small><br></div><div class="spacer battle-history"><br></div><h2 class="battle-history">Turn 29</h2><div class="chat message-error">Mr.E has 195 seconds left.</div><div class="chat message-error">Mr.E has 180 seconds left.</div><div class="spacer battle-history"><br></div><div class="battle-history">Sexdos, come back!<br></div><div class="battle-history">Go! uber (<strong>Snorlax</strong>)!<br></div><div class="battle-history"><small>uber was hurt by the spikes!</small><br></div><div class="battle-history"><small>The opposing Snorlax woke up!</small><br></div><div class="spacer battle-history"><br></div><div class="battle-history">The opposing Snorlax used <strong>Toxic</strong>!<br></div><div class="battle-history"><small>uber was badly poisoned!</small><br></div><div class="spacer battle-history"><br></div><div class="battle-history"><small>The opposing Snorlax restored a little HP using its Leftovers!</small><br></div><div class="battle-history"><small>uber restored a little HP using its Leftovers!</small><br></div><div class="spacer battle-history"><br></div><h2 class="battle-history">Turn 30</h2><div class="chat message-error">Mr.E has 165 seconds left.</div><div class="chat message-error">LEGEND TIBA has 285 seconds left.</div><div class="chat message-error">Mr.E has 150 seconds left.</div><div class="spacer battle-history"><br></div><div class="battle-history">LEGEND TIBA withdrew Snorlax!<br></div><div class="battle-history">LEGEND TIBA sent out <strong>Tyranitar</strong>!<br></div><div class="battle-history"><small>The opposing Tyranitar was hurt by the spikes!</small><br></div><div class="spacer battle-history"><br></div><div class="battle-history">uber used <strong>Double-Edge</strong>!<br></div><div class="battle-history"><small>It's not very effective...</small><br></div><div class="battle-history"><small>(The opposing Tyranitar lost 16% of its health!)</small><br></div><div class="battle-history"><small>uber was damaged by the recoil!</small><br></div><div class="battle-history"><small>uber was hurt by poison!</small><br></div><div class="spacer battle-history"><br></div><div class="battle-history"><small>The opposing Tyranitar restored a little HP using its Leftovers!</small><br></div><div class="battle-history"><small>uber restored a little HP using its Leftovers!</small><br></div><div class="spacer battle-history"><br></div><h2 class="battle-history">Turn 31</h2><div class="chat message-error">Mr.E has 150 seconds left.</div><div class="chat message-error">LEGEND TIBA has 285 seconds left.</div><div class="chat message-error">Mr.E has 135 seconds left.</div><div class="spacer battle-history"><br></div><div class="battle-history">uber, come back!<br></div><div class="battle-history">Go! Sextank (<strong>Miltank</strong>)!<br></div><div class="battle-history"><small>Sextank was hurt by the spikes!</small><br></div><div class="spacer battle-history"><br></div><div class="battle-history">The opposing Tyranitar used <strong>Rock Slide</strong>!<br></div><div class="battle-history"><small>The opposing Tyranitar's attack missed!</small><br></div><div class="spacer battle-history"><br></div><div class="battle-history"><small>Sextank restored a little HP using its Leftovers!</small><br></div><div class="battle-history"><small>The opposing Tyranitar restored a little HP using its Leftovers!</small><br></div><div class="spacer battle-history"><br></div><h2 class="battle-history">Turn 32</h2><div class="chat message-error">Mr.E has 135 seconds left.</div><div class="spacer battle-history"><br></div><div class="battle-history">Sextank used <strong>Body Slam</strong>!<br></div><div class="battle-history"><small>It's not very effective...</small><br></div><div class="battle-history"><small>(The opposing Tyranitar lost 10% of its health!)</small><br></div><div class="spacer battle-history"><br></div><div class="battle-history">The opposing Tyranitar used <strong>Roar</strong>!<br></div><div class="spacer battle-history"><br></div><div class="battle-history">Sexeggutor (<strong>Exeggutor</strong>) was dragged out!<br></div><div class="battle-history"><small>Sexeggutor was hurt by the spikes!</small><br></div><div class="spacer battle-history"><br></div><div class="battle-history"><small>The opposing Tyranitar restored a little HP using its Leftovers!</small><br></div><div class="battle-history"><small>Sexeggutor restored a little HP using its Leftovers!</small><br></div><div class="spacer battle-history"><br></div><h2 class="battle-history">Turn 33</h2><div class="chat message-error">Mr.E has 135 seconds left.</div><div class="chat message-error">LEGEND TIBA has 285 seconds left.</div><div class="chat message-error">LEGEND TIBA has 270 seconds left.</div><div class="spacer battle-history"><br></div><div class="battle-history">LEGEND TIBA withdrew Tyranitar!<br></div><div class="battle-history">LEGEND TIBA sent out <strong>Raichu</strong>!<br></div><div class="battle-history"><small>The opposing Raichu was hurt by the spikes!</small><br></div><div class="spacer battle-history"><br></div><div class="battle-history">Sexeggutor used <strong>Sleep Powder</strong>!<br></div><div class="battle-history"><small>The opposing Raichu fell asleep!</small><br></div><div class="spacer battle-history"><br></div><div class="battle-history"><small>The opposing Raichu restored a little HP using its Leftovers!</small><br></div><div class="battle-history"><small>Sexeggutor restored a little HP using its Leftovers!</small><br></div><div class="spacer battle-history"><br></div><h2 class="battle-history">Turn 34</h2><div class="chat message-error">LEGEND TIBA has 270 seconds left.</div><div class="chat message-error">Mr.E has 135 seconds left.</div><div class="chat message-error">LEGEND TIBA has 255 seconds left.</div><div class="spacer battle-history"><br></div><div class="battle-history">Sexeggutor, come back!<br></div><div class="battle-history">Go! Sextank (<strong>Miltank</strong>)!<br></div><div class="battle-history"><small>Sextank was hurt by the spikes!</small><br></div><div class="spacer battle-history"><br></div><div class="battle-history">The opposing Raichu is fast asleep.<br></div><div class="spacer battle-history"><br></div><div class="battle-history"><small>Sextank restored a little HP using its Leftovers!</small><br></div><div class="battle-history"><small>The opposing Raichu restored a little HP using its Leftovers!</small><br></div><div class="spacer battle-history"><br></div><h2 class="battle-history">Turn 35</h2><div class="spacer battle-history"><br></div><div class="battle-history">LEGEND TIBA withdrew Raichu!<br></div><div class="battle-history">LEGEND TIBA sent out <strong>Cloyster</strong>!<br></div><div class="battle-history"><small>The opposing Cloyster was hurt by the spikes!</small><br></div><div class="spacer battle-history"><br></div><div class="battle-history">Sextank used <strong>Body Slam</strong>!<br></div><div class="battle-history"><small>A critical hit!</small><br></div><div class="battle-history"><small>(The opposing Cloyster lost 37% of its health!)</small><br></div><div class="spacer battle-history"><br></div><div class="battle-history"><small>Sextank restored a little HP using its Leftovers!</small><br></div><div class="battle-history"><small>The opposing Cloyster restored a little HP using its Leftovers!</small><br></div><div class="spacer battle-history"><br></div><h2 class="battle-history">Turn 36</h2><div class="spacer battle-history"><br></div><div class="battle-history">Sextank used <strong>Growl</strong>!<br></div><div class="battle-history"><small>The opposing Cloyster's Attack fell!</small><br></div><div class="spacer battle-history"><br></div><div class="battle-history">The opposing Cloyster used <strong>Rest</strong>!<br></div><div class="battle-history"><small>The opposing Cloyster fell asleep!</small><br></div><div class="battle-history"><small>The opposing Cloyster slept and became healthy!</small><br></div><div class="spacer battle-history"><br></div><div class="battle-history"><small>Sextank restored a little HP using its Leftovers!</small><br></div><div class="spacer battle-history"><br></div><h2 class="battle-history">Turn 37</h2><div class="chat message-error">Mr.E has 120 seconds left.</div><div class="spacer battle-history"><br></div><div class="battle-history">Sextank, come back!<br></div><div class="battle-history">Go! Sexdos (<strong>Zapdos</strong>)!<br></div><div class="spacer battle-history"><br></div><div class="battle-history">The opposing Cloyster is fast asleep.<br></div><div class="spacer battle-history"><br></div><h2 class="battle-history">Turn 38</h2><div class="spacer battle-history"><br></div><div class="battle-history">LEGEND TIBA withdrew Cloyster!<br></div><div class="battle-history">LEGEND TIBA sent out <strong>Raichu</strong>!<br></div><div class="battle-history"><small>The opposing Raichu was hurt by the spikes!</small><br></div><div class="spacer battle-history"><br></div><div class="battle-history">Sexdos used <strong>Whirlwind</strong>!<br></div><div class="spacer battle-history"><br></div><div class="battle-history"><strong>Snorlax</strong> was dragged out!<br></div><div class="battle-history"><small>The opposing Snorlax was hurt by the spikes!</small><br></div><div class="spacer battle-history"><br></div><div class="battle-history"><small>The opposing Snorlax restored a little HP using its Leftovers!</small><br></div><div class="spacer battle-history"><br></div><h2 class="battle-history">Turn 39</h2><div class="chat message-error">LEGEND TIBA has 285 seconds left.</div><div class="chat message-error">Mr.E has 120 seconds left.</div><div class="chat message-error">LEGEND TIBA has 270 seconds left.</div><div class="spacer battle-history"><br></div><div class="battle-history">Sexdos used <strong>Thunderbolt</strong>!<br></div><div class="battle-history"><small>A critical hit!</small><br></div><div class="battle-history"><small>(The opposing Snorlax lost 45% of its health!)</small><br></div><div class="spacer battle-history"><br></div><div class="battle-history">The opposing Snorlax used <strong>Double-Edge</strong>!<br></div><div class="battle-history"><small>(Sexdos lost 46% of its health!)</small><br></div><div class="battle-history"><small>The opposing Snorlax was damaged by the recoil!</small><br></div><div class="spacer battle-history"><br></div><div class="battle-history"><small>Sexdos restored a little HP using its Leftovers!</small><br></div><div class="battle-history"><small>The opposing Snorlax restored a little HP using its Leftovers!</small><br></div><div class="spacer battle-history"><br></div><h2 class="battle-history">Turn 40</h2><div class="chat message-error">LEGEND TIBA has 270 seconds left.</div><div class="spacer battle-history"><br></div><div class="battle-history">LEGEND TIBA withdrew Snorlax!<br></div><div class="battle-history">LEGEND TIBA sent out <strong>Raichu</strong>!<br></div><div class="battle-history"><small>The opposing Raichu was hurt by the spikes!</small><br></div><div class="spacer battle-history"><br></div><div class="battle-history">Sexdos used <strong>Thunderbolt</strong>!<br></div><div class="battle-history"><small>It's not very effective...</small><br></div><div class="battle-history"><small>(The opposing Raichu lost 25% of its health!)</small><br></div><div class="spacer battle-history"><br></div><div class="battle-history"><small>Sexdos restored a little HP using its Leftovers!</small><br></div><div class="battle-history"><small>The opposing Raichu restored a little HP using its Leftovers!</small><br></div><div class="spacer battle-history"><br></div><h2 class="battle-history">Turn 41</h2><div class="spacer battle-history"><br></div><div class="battle-history">The opposing Raichu is fast asleep.<br></div><div class="spacer battle-history"><br></div><div class="battle-history">Sexdos used <strong>Whirlwind</strong>!<br></div><div class="spacer battle-history"><br></div><div class="battle-history"><strong>Tyranitar</strong> was dragged out!<br></div><div class="battle-history"><small>The opposing Tyranitar was hurt by the spikes!</small><br></div><div class="spacer battle-history"><br></div><div class="battle-history"><small>Sexdos restored a little HP using its Leftovers!</small><br></div><div class="battle-history"><small>The opposing Tyranitar restored a little HP using its Leftovers!</small><br></div><div class="spacer battle-history"><br></div><h2 class="battle-history">Turn 42</h2><div class="chat message-error">Mr.E has 105 seconds left.</div><div class="chat message-error">LEGEND TIBA has 270 seconds left.</div><div class="spacer battle-history"><br></div><div class="battle-history">LEGEND TIBA withdrew Tyranitar!<br></div><div class="battle-history">LEGEND TIBA sent out <strong>Starmie</strong>!<br></div><div class="battle-history"><small>The opposing Starmie was hurt by the spikes!</small><br></div><div class="battle-history"><small>The opposing Starmie was hurt by poison!</small><br></div><div class="spacer battle-history"><br></div><div class="battle-history">Sexdos used <strong>Thunder Wave</strong>!<br></div><div class="battle-history"><small>But it failed!</small><br></div><div class="spacer battle-history"><br></div><div class="battle-history"><small>The opposing Starmie restored a little HP using its Leftovers!</small><br></div><div class="battle-history"><small>Sexdos restored a little HP using its Leftovers!</small><br></div><div class="spacer battle-history"><br></div><h2 class="battle-history">Turn 43</h2><div class="chat message-error">Mr.E has 90 seconds left.</div><div class="chat message-error">LEGEND TIBA has 255 seconds left.</div><div class="spacer battle-history"><br></div><div class="battle-history">The opposing Starmie used <strong>Rapid Spin</strong>!<br></div><div class="battle-history"><small>(Sexdos lost 4% of its health!)</small><br></div><div class="battle-history"><small>The spikes disappeared from the ground around the opposing team!</small><br></div><div class="battle-history"><small>The opposing Starmie was hurt by poison!</small><br></div><div class="spacer battle-history"><br></div><div class="battle-history">Sexdos used <strong>Thunderbolt</strong>!<br></div><div class="battle-history"><small>It's super effective!</small><br></div><div class="battle-history"><small>(The opposing Starmie lost 20% of its health!)</small><br></div><div class="spacer battle-history"><br></div><div class="battle-history">The opposing Starmie fainted!<br></div><div class="spacer battle-history"><br></div><div class="battle-history">LEGEND TIBA sent out <strong>Snorlax</strong>!<br></div><div class="spacer battle-history"><br></div><div class="battle-history"><small>Sexdos restored a little HP using its Leftovers!</small><br></div><div class="battle-history"><small>The opposing Snorlax restored a little HP using its Leftovers!</small><br></div><div class="spacer battle-history"><br></div><h2 class="battle-history">Turn 44</h2><div class="chat message-error">Mr.E has 105 seconds left.</div><div class="chat message-error">LEGEND TIBA has 255 seconds left.</div><div class="chat message-error">LEGEND TIBA has 240 seconds left.</div><div class="spacer battle-history"><br></div><div class="battle-history">LEGEND TIBA withdrew Snorlax!<br></div><div class="battle-history">LEGEND TIBA sent out <strong>Tyranitar</strong>!<br></div><div class="spacer battle-history"><br></div><div class="battle-history">Sexdos used <strong>Thunderbolt</strong>!<br></div><div class="battle-history"><small>(The opposing Tyranitar lost 32% of its health!)</small><br></div><div class="battle-history"><small>The opposing Tyranitar is paralyzed! It may be unable to move!</small><br></div><div class="spacer battle-history"><br></div><div class="battle-history"><small>Sexdos restored a little HP using its Leftovers!</small><br></div><div class="battle-history"><small>The opposing Tyranitar restored a little HP using its Leftovers!</small><br></div><div class="spacer battle-history"><br></div><h2 class="battle-history">Turn 45</h2><div class="chat message-error">Mr.E has 105 seconds left.</div><div class="chat message-error">LEGEND TIBA has 225 seconds left.</div><div class="spacer battle-history"><br></div><div class="battle-history">Sexdos used <strong>Thunderbolt</strong>!<br></div><div class="battle-history"><small>(The opposing Tyranitar lost 32% of its health!)</small><br></div><div class="spacer battle-history"><br></div><div class="battle-history">The opposing Tyranitar used <strong>Rest</strong>!<br></div><div class="battle-history"><small>The opposing Tyranitar fell asleep!</small><br></div><div class="battle-history"><small>The opposing Tyranitar slept and became healthy!</small><br></div><div class="spacer battle-history"><br></div><div class="battle-history"><small>Sexdos restored a little HP using its Leftovers!</small><br></div><div class="spacer battle-history"><br></div><h2 class="battle-history">Turn 46</h2><div class="chat message-error">LEGEND TIBA has 225 seconds left.</div><div class="chat message-error">Mr.E has 90 seconds left.</div><div class="spacer battle-history"><br></div><div class="battle-history">LEGEND TIBA withdrew Tyranitar!<br></div><div class="battle-history">LEGEND TIBA sent out <strong>Snorlax</strong>!<br></div><div class="spacer battle-history"><br></div><div class="battle-history">Sexdos used <strong>Thunderbolt</strong>!<br></div><div class="battle-history"><small>(The opposing Snorlax lost 23% of its health!)</small><br></div><div class="spacer battle-history"><br></div><div class="battle-history">The opposing Snorlax fainted!<br></div><div class="spacer battle-history"><br></div><div class="battle-history">LEGEND TIBA sent out <strong>Raichu</strong>!<br></div><div class="spacer battle-history"><br></div><div class="battle-history"><small>Sexdos restored a little HP using its Leftovers!</small><br></div><div class="battle-history"><small>The opposing Raichu restored a little HP using its Leftovers!</small><br></div><div class="spacer battle-history"><br></div><h2 class="battle-history">Turn 47</h2><div class="chat message-error">Mr.E has 90 seconds left.</div><div class="chat message-error">Mr.E has 75 seconds left.</div><div class="spacer battle-history"><br></div><div class="battle-history">Sexdos used <strong>Thunderbolt</strong>!<br></div><div class="battle-history"><small>It's not very effective...</small><br></div><div class="battle-history"><small>(The opposing Raichu lost 23% of its health!)</small><br></div><div class="battle-history"><small>The opposing Raichu woke up!</small><br></div><div class="spacer battle-history"><br></div><div class="battle-history">The opposing Raichu used <strong>Thunderbolt</strong>!<br></div><div class="battle-history"><small>(Sexdos lost 31% of its health!)</small><br></div><div class="spacer battle-history"><br></div><div class="battle-history"><small>The opposing Raichu restored a little HP using its Leftovers!</small><br></div><div class="battle-history"><small>Sexdos restored a little HP using its Leftovers!</small><br></div><div class="spacer battle-history"><br></div><h2 class="battle-history">Turn 48</h2><div class="chat message-error">LEGEND TIBA has 240 seconds left.</div><div class="spacer battle-history"><br></div><div class="battle-history">Sexdos used <strong>Thunder Wave</strong>!<br></div><div class="battle-history"><small>The opposing Raichu is paralyzed! It may be unable to move!</small><br></div><div class="spacer battle-history"><br></div><div class="battle-history">The opposing Raichu used <strong>Rest</strong>!<br></div><div class="battle-history"><small>The opposing Raichu fell asleep!</small><br></div><div class="battle-history"><small>The opposing Raichu slept and became healthy!</small><br></div><div class="spacer battle-history"><br></div><div class="battle-history"><small>Sexdos restored a little HP using its Leftovers!</small><br></div><div class="spacer battle-history"><br></div><h2 class="battle-history">Turn 49</h2><div class="spacer battle-history"><br></div><div class="battle-history">The opposing Raichu is fast asleep.<br></div><div class="spacer battle-history"><br></div><div class="battle-history">Sexdos used <strong>Hidden Power</strong>!<br></div><div class="battle-history"><small>(The opposing Raichu lost 22% of its health!)</small><br></div><div class="spacer battle-history"><br></div><div class="battle-history"><small>The opposing Raichu restored a little HP using its Leftovers!</small><br></div><div class="battle-history"><small>Sexdos restored a little HP using its Leftovers!</small><br></div><div class="spacer battle-history"><br></div><h2 class="battle-history">Turn 50</h2><div class="chat message-error">LEGEND TIBA has 255 seconds left.</div><div class="spacer battle-history"><br></div><div class="battle-history">Sexdos used <strong>Hidden Power</strong>!<br></div><div class="battle-history"><small>(The opposing Raichu lost 23% of its health!)</small><br></div><div class="spacer battle-history"><br></div><div class="battle-history">The opposing Raichu is fast asleep.<br></div><div class="spacer battle-history"><br></div><div class="battle-history"><small>Sexdos restored a little HP using its Leftovers!</small><br></div><div class="battle-history"><small>The opposing Raichu restored a little HP using its Leftovers!</small><br></div><div class="spacer battle-history"><br></div><h2 class="battle-history">Turn 51</h2><div class="chat message-error">Mr.E has 75 seconds left.</div><div class="spacer battle-history"><br></div><div class="battle-history">Sexdos, come back!<br></div><div class="battle-history">Go! Sexeggutor (<strong>Exeggutor</strong>)!<br></div><div class="battle-history"><small>Sexeggutor was hurt by the spikes!</small><br></div><div class="battle-history"><small>The opposing Raichu woke up!</small><br></div><div class="spacer battle-history"><br></div><div class="battle-history">The opposing Raichu used <strong>Toxic</strong>!<br></div><div class="battle-history"><small>Sexeggutor was badly poisoned!</small><br></div><div class="spacer battle-history"><br></div><div class="battle-history"><small>The opposing Raichu restored a little HP using its Leftovers!</small><br></div><div class="battle-history"><small>Sexeggutor restored a little HP using its Leftovers!</small><br></div><div class="spacer battle-history"><br></div><h2 class="battle-history">Turn 52</h2><div class="chat message-error">LEGEND TIBA has 270 seconds left.</div><div class="chat message-error">Mr.E has 60 seconds left.</div><div class="spacer battle-history"><br></div><div class="battle-history">LEGEND TIBA withdrew Raichu!<br></div><div class="battle-history">LEGEND TIBA sent out <strong>Skarmory</strong>!<br></div><div class="spacer battle-history"><br></div><div class="battle-history">Sexeggutor, come back!<br></div><div class="battle-history">Go! Cloysex (<strong>Cloyster</strong>)!<br></div><div class="battle-history"><small>Cloysex was hurt by the spikes!</small><br></div><div class="spacer battle-history"><br></div><div class="battle-history"><small>Cloysex restored a little HP using its Leftovers!</small><br></div><div class="spacer battle-history"><br></div><h2 class="battle-history">Turn 53</h2><div class="spacer battle-history"><br></div><div class="battle-history">LEGEND TIBA withdrew Skarmory!<br></div><div class="battle-history">LEGEND TIBA sent out <strong>Cloyster</strong>!<br></div><div class="spacer battle-history"><br></div><div class="battle-history">Cloysex used <strong>Spikes</strong>!<br></div><div class="battle-history"><small>Spikes were scattered on the ground all around the opposing team!</small><br></div><div class="spacer battle-history"><br></div><div class="battle-history"><small>Cloysex restored a little HP using its Leftovers!</small><br></div><div class="spacer battle-history"><br></div><h2 class="battle-history">Turn 54</h2><div class="chat message-error">Mr.E has 60 seconds left.</div><div class="spacer battle-history"><br></div><div class="battle-history">Cloysex used <strong>Surf</strong>!<br></div><div class="battle-history"><small>It's not very effective...</small><br></div><div class="battle-history"><small>(The opposing Cloyster lost 27% of its health!)</small><br></div><div class="spacer battle-history"><br></div><div class="battle-history">The opposing Cloyster is fast asleep.<br></div><div class="spacer battle-history"><br></div><div class="battle-history"><small>The opposing Cloyster restored a little HP using its Leftovers!</small><br></div><div class="battle-history"><small>Cloysex restored a little HP using its Leftovers!</small><br></div><div class="spacer battle-history"><br></div><h2 class="battle-history">Turn 55</h2><div class="chat message-error">Mr.E has 60 seconds left.</div><div class="spacer battle-history"><br></div><div class="battle-history">Cloysex used <strong>Surf</strong>!<br></div><div class="battle-history"><small>It's not very effective...</small><br></div><div class="battle-history"><small>(The opposing Cloyster lost 26% of its health!)</small><br></div><div class="battle-history"><small>The opposing Cloyster woke up!</small><br></div><div class="spacer battle-history"><br></div><div class="battle-history">The opposing Cloyster used <strong>Toxic</strong>!<br></div><div class="battle-history"><small>Cloysex was badly poisoned!</small><br></div><div class="spacer battle-history"><br></div><div class="battle-history"><small>The opposing Cloyster restored a little HP using its Leftovers!</small><br></div><div class="spacer battle-history"><br></div><h2 class="battle-history">Turn 56</h2><div class="chat message-error">Mr.E has 60 seconds left.</div><div class="chat message-error">LEGEND TIBA has 285 seconds left.</div><div class="spacer battle-history"><br></div><div class="battle-history">The opposing Cloyster used <strong>Surf</strong>!<br></div><div class="battle-history"><small>It's not very effective...</small><br></div><div class="battle-history"><small>(Cloysex lost 25% of its health!)</small><br></div><div class="spacer battle-history"><br></div><div class="battle-history">Cloysex used <strong>Surf</strong>!<br></div><div class="battle-history"><small>It's not very effective...</small><br></div><div class="battle-history"><small>(The opposing Cloyster lost 28% of its health!)</small><br></div><div class="battle-history"><small>Cloysex was hurt by poison!</small><br></div><div class="spacer battle-history"><br></div><div class="battle-history"><small>Cloysex restored a little HP using its Leftovers!</small><br></div><div class="battle-history"><small>The opposing Cloyster restored a little HP using its Leftovers!</small><br></div><div class="spacer battle-history"><br></div><h2 class="battle-history">Turn 57</h2><div class="chat message-error">Mr.E has 60 seconds left.</div><div class="chat message-error">Mr.E has 45 seconds left.</div><div class="spacer battle-history"><br></div><div class="battle-history">Cloysex, come back!<br></div><div class="battle-history">Go! Sexdos (<strong>Zapdos</strong>)!<br></div><div class="spacer battle-history"><br></div><div class="battle-history">The opposing Cloyster used <strong>Rest</strong>!<br></div><div class="battle-history"><small>The opposing Cloyster fell asleep!</small><br></div><div class="battle-history"><small>The opposing Cloyster slept and became healthy!</small><br></div><div class="spacer battle-history"><br></div><div class="battle-history"><small>Sexdos restored a little HP using its Leftovers!</small><br></div><div class="spacer battle-history"><br></div><h2 class="battle-history">Turn 58</h2><div class="spacer battle-history"><br></div><div class="battle-history">LEGEND TIBA withdrew Cloyster!<br></div><div class="battle-history">LEGEND TIBA sent out <strong>Raichu</strong>!<br></div><div class="battle-history"><small>The opposing Raichu was hurt by the spikes!</small><br></div><div class="spacer battle-history"><br></div><div class="battle-history">Sexdos used <strong>Thunderbolt</strong>!<br></div><div class="battle-history"><small>It's not very effective...</small><br></div><div class="battle-history"><small>(The opposing Raichu lost 25% of its health!)</small><br></div><div class="spacer battle-history"><br></div><div class="battle-history"><small>Sexdos restored a little HP using its Leftovers!</small><br></div><div class="battle-history"><small>The opposing Raichu restored a little HP using its Leftovers!</small><br></div><div class="spacer battle-history"><br></div><h2 class="battle-history">Turn 59</h2><div class="chat message-error">LEGEND TIBA has 285 seconds left.</div><div class="chat message-error">Mr.E has 45 seconds left.</div><div class="chat message-error">LEGEND TIBA has 270 seconds left.</div><div class="spacer battle-history"><br></div><div class="battle-history">The opposing Raichu used <strong>Toxic</strong>!<br></div><div class="battle-history"><small>Sexdos was badly poisoned!</small><br></div><div class="spacer battle-history"><br></div><div class="battle-history">Sexdos used <strong>Whirlwind</strong>!<br></div><div class="spacer battle-history"><br></div><div class="battle-history"><strong>Cloyster</strong> was dragged out!<br></div><div class="battle-history"><small>Sexdos was hurt by poison!</small><br></div><div class="battle-history"><small>The opposing Cloyster was hurt by the spikes!</small><br></div><div class="spacer battle-history"><br></div><div class="battle-history"><small>Sexdos restored a little HP using its Leftovers!</small><br></div><div class="battle-history"><small>The opposing Cloyster restored a little HP using its Leftovers!</small><br></div><div class="spacer battle-history"><br></div><h2 class="battle-history">Turn 60</h2><div class="chat message-error">LEGEND TIBA has 270 seconds left.</div><div class="spacer battle-history"><br></div><div class="battle-history">LEGEND TIBA withdrew Cloyster!<br></div><div class="battle-history">LEGEND TIBA sent out <strong>Tyranitar</strong>!<br></div><div class="battle-history"><small>The opposing Tyranitar was hurt by the spikes!</small><br></div><div class="spacer battle-history"><br></div><div class="battle-history">Sexdos used <strong>Thunderbolt</strong>!<br></div><div class="battle-history"><small>(The opposing Tyranitar lost 33% of its health!)</small><br></div><div class="battle-history"><small>Sexdos was hurt by poison!</small><br></div><div class="spacer battle-history"><br></div><div class="battle-history"><small>Sexdos restored a little HP using its Leftovers!</small><br></div><div class="battle-history"><small>The opposing Tyranitar restored a little HP using its Leftovers!</small><br></div><div class="spacer battle-history"><br></div><h2 class="battle-history">Turn 61</h2><div class="spacer battle-history"><br></div><div class="battle-history">LEGEND TIBA withdrew Tyranitar!<br></div><div class="battle-history">LEGEND TIBA sent out <strong>Raichu</strong>!<br></div><div class="battle-history"><small>The opposing Raichu was hurt by the spikes!</small><br></div><div class="spacer battle-history"><br></div><div class="battle-history">Sexdos used <strong>Thunderbolt</strong>!<br></div><div class="battle-history"><small>It's not very effective...</small><br></div><div class="battle-history"><small>(The opposing Raichu lost 21% of its health!)</small><br></div><div class="battle-history"><small>Sexdos was hurt by poison!</small><br></div><div class="spacer battle-history"><br></div><div class="battle-history"><small>The opposing Raichu restored a little HP using its Leftovers!</small><br></div><div class="battle-history"><small>Sexdos restored a little HP using its Leftovers!</small><br></div><div class="spacer battle-history"><br></div><h2 class="battle-history">Turn 62</h2><div class="spacer battle-history"><br></div><div class="battle-history">Sexdos used <strong>Hidden Power</strong>!<br></div><div class="battle-history"><small>A critical hit!</small><br></div><div class="battle-history"><small>(The opposing Raichu lost 15% of its health!)</small><br></div><div class="spacer battle-history"><br></div><div class="battle-history">The opposing Raichu fainted!<br></div><div class="spacer battle-history"><br></div><div class="battle-history">LEGEND TIBA sent out <strong>Tyranitar</strong>!<br></div><div class="battle-history"><small>The opposing Tyranitar was hurt by the spikes!</small><br></div><div class="spacer battle-history"><br></div><div class="battle-history"><small>Sexdos restored a little HP using its Leftovers!</small><br></div><div class="battle-history"><small>The opposing Tyranitar restored a little HP using its Leftovers!</small><br></div><div class="spacer battle-history"><br></div><h2 class="battle-history">Turn 63</h2><div class="spacer battle-history"><br></div><div class="battle-history">Sexdos used <strong>Thunderbolt</strong>!<br></div><div class="battle-history"><small>A critical hit!</small><br></div><div class="battle-history"><small>(The opposing Tyranitar lost 55% of its health!)</small><br></div><div class="spacer battle-history"><br></div><div class="battle-history">The opposing Tyranitar fainted!<br></div><div class="battle-history"><small>LEGEND TIBA forfeited.</small><br></div><div class="spacer battle-history"><br></div><div class="battle-history"><strong>Mr.E</strong> won the battle!<br></div></div><div class="inner-preempt"></div></div></div>
</div>
<script>
let daily = Math.floor(Date.now()/1000/60/60/24);document.write('<script src="https://play.pokemonshowdown.com/js/replay-embed.js?version'+daily+'"></'+'script>');
</script>
