<!DOCTYPE html>
<meta charset="utf-8" />
<!-- version 1 -->
<title>[Gen 2] OU replay: Century Express vs. Earthworm</title>
<style>
html,body {font-family:Verdana, sans-serif;font-size:10pt;margin:0;padding:0;}body{padding:12px 0;} .battle-log {font-family:Verdana, sans-serif;font-size:10pt;} .battle-log-inline {border:1px solid #AAAAAA;background:#EEF2F5;color:black;max-width:640px;margin:0 auto 80px;padding-bottom:5px;} .battle-log .inner {padding:4px 8px 0px 8px;} .battle-log .inner-preempt {padding:0 8px 4px 8px;} .battle-log .inner-after {margin-top:0.5em;} .battle-log h2 {margin:0.5em -8px;padding:4px 8px;border:1px solid #AAAAAA;background:#E0E7EA;border-left:0;border-right:0;font-family:Verdana, sans-serif;font-size:13pt;} .battle-log .chat {vertical-align:middle;padding:3px 0 3px 0;font-size:8pt;} .battle-log .chat strong {color:#40576A;} .battle-log .chat em {padding:1px 4px 1px 3px;color:#000000;font-style:normal;} .chat.mine {background:rgba(0,0,0,0.05);margin-left:-8px;margin-right:-8px;padding-left:8px;padding-right:8px;} .spoiler {color:#BBBBBB;background:#BBBBBB;padding:0px 3px;} .spoiler:hover, .spoiler:active, .spoiler-shown {color:#000000;background:#E2E2E2;padding:0px 3px;} .spoiler a {color:#BBBBBB;} .spoiler:hover a, .spoiler:active a, .spoiler-shown a {color:#2288CC;} .chat code, .chat .spoiler:hover code, .chat .spoiler:active code, .chat .spoiler-shown code {border:1px solid #C0C0C0;background:#EEEEEE;color:black;padding:0 2px;} .chat .spoiler code {border:1px solid #CCCCCC;background:#CCCCCC;color:#CCCCCC;} .battle-log .rated {padding:3px 4px;} .battle-log .rated strong {color:white;background:#89A;padding:1px 4px;border-radius:4px;} .spacer {margin-top:0.5em;} .message-announce {background:#6688AA;color:white;padding:1px 4px 2px;} .message-announce a, .broadcast-green a, .broadcast-blue a, .broadcast-red a {color:#DDEEFF;} .broadcast-green {background-color:#559955;color:white;padding:2px 4px;} .broadcast-blue {background-color:#6688AA;color:white;padding:2px 4px;} .infobox {border:1px solid #6688AA;padding:2px 4px;} .infobox-limited {max-height:200px;overflow:auto;overflow-x:hidden;} .broadcast-red {background-color:#AA5544;color:white;padding:2px 4px;} .message-learn-canlearn {font-weight:bold;color:#228822;text-decoration:underline;} .message-learn-cannotlearn {font-weight:bold;color:#CC2222;text-decoration:underline;} .message-effect-weak {font-weight:bold;color:#CC2222;} .message-effect-resist {font-weight:bold;color:#6688AA;} .message-effect-immune {font-weight:bold;color:#666666;} .message-learn-list {margin-top:0;margin-bottom:0;} .message-throttle-notice, .message-error {color:#992222;} .message-overflow, .chat small.message-overflow {font-size:0pt;} .message-overflow::before {font-size:9pt;content:'...';} .subtle {color:#3A4A66;}
</style>
<div class="wrapper replay-wrapper" style="max-width:1180px;margin:0 auto">
<input type="hidden" name="replayid" value="smogtours-gen2ou-421059" />
<div class="battle"></div><div class="battle-log"></div><div class="replay-controls"></div><div class="replay-controls-2"></div>
<h1 style="font-weight:normal;text-align:center"><strong>[Gen 2] OU</strong><br /><a href="http://pokemonshowdown.com/users/centuryexpress" class="subtle" target="_blank">Century Express</a> vs. <a href="http://pokemonshowdown.com/users/earthworm" class="subtle" target="_blank">Earthworm</a></h1>
<script type="text/plain" class="battle-log-data">|inactive|Battle timer is ON: inactive players will automatically lose when time's up.
|player|p1|Century Express|282
|player|p2|Earthworm|266
|teamsize|p1|6
|teamsize|p2|6
|gametype|singles
|gen|2
|tier|[Gen 2] OU
|rule|Sleep Clause Mod: Limit one foe put to sleep
|rule|Freeze Clause Mod: Limit one foe frozen
|rule|Species Clause: Limit one of each Pokémon
|rule|OHKO Clause: OHKO moves are banned
|rule|Evasion Moves Clause: Evasion moves are banned
|rule|HP Percentage Mod: HP is shown in percentages
|
|start
|switch|p1a: Exeggutor|Exeggutor, M|100\/100
|switch|p2a: Jynx|Jynx, F|100\/100
|turn|1
|raw|<div class="broadcast-red"><strong>Moderated chat was set to ☆!<\/strong><br \/>Only users of rank ☆ and higher can talk.<\/div>
|c|☆Century Express|hf 
|inactive|Century Express has 270 seconds left.
|
|switch|p1a: Vaporeon|Vaporeon, F|100\/100
|move|p2a: Jynx|Lovely Kiss|p1a: Vaporeon
|-status|p1a: Vaporeon|slp
|
|upkeep
|turn|2
|inactive|Century Express has 270 seconds left.
|
|switch|p2a: Cloyster|Cloyster, M|100\/100
|switch|p1a: Exeggutor|Exeggutor, M|100\/100
|
|upkeep
|turn|3
|
|switch|p2a: Snorlax|Snorlax, M|100\/100
|move|p1a: Exeggutor|Giga Drain|p2a: Snorlax
|-damage|p2a: Snorlax|85\/100
|
|-heal|p2a: Snorlax|91\/100|[from] item: Leftovers
|upkeep
|turn|4
|
|move|p1a: Exeggutor|Psychic|p2a: Snorlax
|-damage|p2a: Snorlax|70\/100
|move|p2a: Snorlax|Double-Edge|p1a: Exeggutor
|-damage|p1a: Exeggutor|55\/100
|-damage|p2a: Snorlax|61\/100|[from] Recoil|[of] p1a: Exeggutor
|
|-heal|p1a: Exeggutor|62\/100|[from] item: Leftovers
|-heal|p2a: Snorlax|67\/100|[from] item: Leftovers
|upkeep
|turn|5
|
|move|p1a: Exeggutor|Sleep Powder|p2a: Snorlax
|-status|p2a: Snorlax|slp
|cant|p2a: Snorlax|slp
|
|-heal|p1a: Exeggutor|68\/100|[from] item: Leftovers
|-heal|p2a: Snorlax|74\/100 slp|[from] item: Leftovers
|upkeep
|turn|6
|inactive|Century Express has 270 seconds left.
|
|switch|p1a: Cloyster|Cloyster, M|100\/100
|switch|p2a: Jynx|Jynx, F|100\/100
|
|upkeep
|turn|7
|
|move|p2a: Jynx|Psychic|p1a: Cloyster
|-damage|p1a: Cloyster|35\/100
|-unboost|p1a: Cloyster|spd|1
|move|p1a: Cloyster|Spikes|p2a: Jynx
|-sidestart|p2: Earthworm|Spikes
|
|-heal|p1a: Cloyster|41\/100|[from] item: Leftovers
|upkeep
|turn|8
|
|switch|p1a: Snorlax|Snorlax, M|100\/100
|move|p2a: Jynx|Thief|p1a: Snorlax
|-damage|p1a: Snorlax|94\/100
|-item|p2a: Jynx|Leftovers|[from] move: Thief|[of] p1a: Snorlax
|
|upkeep
|turn|9
|
|switch|p2a: Cloyster|Cloyster, M|100\/100
|-damage|p2a: Cloyster|88\/100|[from] Spikes
|move|p1a: Snorlax|Double-Edge|p2a: Cloyster
|-damage|p2a: Cloyster|57\/100
|-damage|p1a: Snorlax|90\/100|[from] Recoil|[of] p2a: Cloyster
|
|-heal|p2a: Cloyster|63\/100|[from] item: Leftovers
|upkeep
|turn|10
|
|move|p2a: Cloyster|Spikes|p1a: Snorlax
|-sidestart|p1: Century Express|Spikes
|move|p1a: Snorlax|Thunder|p2a: Cloyster
|-supereffective|p2a: Cloyster
|-damage|p2a: Cloyster|0 fnt
|faint|p2a: Cloyster
|inactive|Earthworm has 270 seconds left.
|
|switch|p2a: Zapdos|Zapdos|100\/100
|
|upkeep
|turn|11
|inactive|Century Express has 270 seconds left.
|inactive|Century Express has 240 seconds left.
|
|switch|p1a: Steelix|Steelix, M|100\/100
|-damage|p1a: Steelix|88\/100|[from] Spikes
|move|p2a: Zapdos|Thunder|p1a: Steelix
|-immune|p1a: Steelix
|
|-heal|p1a: Steelix|94\/100|[from] item: Leftovers
|upkeep
|turn|12
|inactive|Century Express has 240 seconds left.
|
|move|p2a: Zapdos|Hidden Power|p1a: Steelix
|-damage|p1a: Steelix|72\/100
|move|p1a: Steelix|Curse|p1a: Steelix
|-unboost|p1a: Steelix|spe|1
|-boost|p1a: Steelix|atk|1
|-boost|p1a: Steelix|def|1
|
|-heal|p1a: Steelix|78\/100|[from] item: Leftovers
|upkeep
|turn|13
|inactive|Century Express has 240 seconds left.
|
|move|p2a: Zapdos|Hidden Power|p1a: Steelix
|-damage|p1a: Steelix|56\/100
|move|p1a: Steelix|Explosion|p2a: Zapdos
|-damage|p2a: Zapdos|0 fnt
|faint|p1a: Steelix
|faint|p2a: Zapdos
|inactive|Earthworm has 270 seconds left.
|
|switch|p2a: Snorlax|Snorlax, M|74\/100 slp
|switch|p1a: Snorlax|Snorlax, M|90\/100
|-damage|p2a: Snorlax|61\/100 slp|[from] Spikes
|-damage|p1a: Snorlax|77\/100|[from] Spikes
|
|-heal|p2a: Snorlax|67\/100 slp|[from] item: Leftovers
|upkeep
|turn|14
|
|move|p1a: Snorlax|Double-Edge|p2a: Snorlax
|-damage|p2a: Snorlax|29\/100 slp
|-damage|p1a: Snorlax|68\/100|[from] Recoil|[of] p2a: Snorlax
|cant|p2a: Snorlax|slp
|move|p2a: Snorlax|Sleep Talk|p2a: Snorlax
|move|p2a: Snorlax|Double-Edge|p1a: Snorlax|[from]Sleep Talk
|-damage|p1a: Snorlax|33\/100
|-damage|p2a: Snorlax|20\/100 slp|[from] Recoil|[of] p1a: Snorlax
|
|-heal|p2a: Snorlax|27\/100 slp|[from] item: Leftovers
|upkeep
|turn|15
|inactive|Century Express has 240 seconds left.
|inactive|Earthworm has 270 seconds left.
|
|move|p1a: Snorlax|Double-Edge|p2a: Snorlax
|-damage|p2a: Snorlax|0 fnt
|-damage|p1a: Snorlax|26\/100|[from] Recoil|[of] p2a: Snorlax
|faint|p2a: Snorlax
|
|switch|p2a: Nidoking|Nidoking, M|100\/100
|-damage|p2a: Nidoking|88\/100|[from] Spikes
|
|-heal|p2a: Nidoking|94\/100|[from] item: Leftovers
|upkeep
|turn|16
|inactive|Century Express has 210 seconds left.
|inactive|Century Express has 180 seconds left.
|
|switch|p1a: Pato Joinha|Zapdos|100\/100
|move|p2a: Nidoking|Earthquake|p1a: Pato Joinha
|-immune|p1a: Pato Joinha
|
|-heal|p2a: Nidoking|99\/100|[from] item: Leftovers
|upkeep
|turn|17
|
|move|p1a: Pato Joinha|Light Screen|p1a: Pato Joinha
|-sidestart|p1: Century Express|move: Light Screen
|move|p2a: Nidoking|Ice Beam|p1a: Pato Joinha
|-crit|p1a: Pato Joinha
|-supereffective|p1a: Pato Joinha
|-damage|p1a: Pato Joinha|23\/100
|
|-heal|p1a: Pato Joinha|29\/100|[from] item: Leftovers
|-heal|p2a: Nidoking|100\/100|[from] item: Leftovers
|upkeep
|turn|18
|inactive|Century Express has 150 seconds left.
|inactive|Century Express has 120 seconds left.
|
|switch|p1a: Exeggutor|Exeggutor, M|68\/100
|-damage|p1a: Exeggutor|55\/100|[from] Spikes
|move|p2a: Nidoking|Ice Beam|p1a: Exeggutor
|-supereffective|p1a: Exeggutor
|-damage|p1a: Exeggutor|34\/100
|
|-heal|p1a: Exeggutor|40\/100|[from] item: Leftovers
|upkeep
|turn|19
|inactive|Earthworm has 270 seconds left.
|
|move|p2a: Nidoking|Ice Beam|p1a: Exeggutor
|-supereffective|p1a: Exeggutor
|-damage|p1a: Exeggutor|19\/100
|move|p1a: Exeggutor|Sleep Powder|p2a: Nidoking
|-status|p2a: Nidoking|slp
|
|-heal|p1a: Exeggutor|25\/100|[from] item: Leftovers
|upkeep
|turn|20
|inactive|Earthworm has 270 seconds left.
|inactive|Century Express has 90 seconds left.
|
|cant|p2a: Nidoking|slp
|move|p1a: Exeggutor|Explosion|p2a: Nidoking
|-damage|p2a: Nidoking|0 fnt
|faint|p1a: Exeggutor
|faint|p2a: Nidoking
|inactive|Earthworm has 270 seconds left.
|
|switch|p2a: Jynx|Jynx, F|100\/100
|switch|p1a: Snorlax|Snorlax, M|26\/100
|-damage|p2a: Jynx|88\/100|[from] Spikes
|-damage|p1a: Snorlax|14\/100|[from] Spikes
|
|-heal|p2a: Jynx|94\/100|[from] item: Leftovers
|upkeep
|turn|21
|inactive|Earthworm has 240 seconds left.
|
|move|p2a: Jynx|Psychic|p1a: Snorlax
|-damage|p1a: Snorlax|4\/100
|move|p1a: Snorlax|Self-Destruct|p2a: Jynx
|-damage|p2a: Jynx|0 fnt
|faint|p1a: Snorlax
|faint|p2a: Jynx
|
|switch|p2a: Gengar|Gengar, M|100\/100
|switch|p1a: Cloyster|Cloyster, M|41\/100
|-damage|p2a: Gengar|88\/100|[from] Spikes
|-damage|p1a: Cloyster|29\/100|[from] Spikes
|
|-heal|p1a: Cloyster|35\/100|[from] item: Leftovers
|-sideend|p1: Century Express|move: Light Screen
|upkeep
|turn|22
|
|move|p2a: Gengar|Thunderbolt|p1a: Cloyster
|-supereffective|p1a: Cloyster
|-damage|p1a: Cloyster|0 fnt
|faint|p1a: Cloyster
|inactive|Century Express has 60 seconds left.
|inactive|Century Express has 30 seconds left.
|inactive|Century Express has 20 seconds left.
|
|switch|p1a: Pato Joinha|Zapdos|29\/100
|
|-heal|p1a: Pato Joinha|35\/100|[from] item: Leftovers
|upkeep
|turn|23
|
|switch|p1a: Vaporeon|Vaporeon, F|100\/100 slp
|-damage|p1a: Vaporeon|88\/100 slp|[from] Spikes
|move|p2a: Gengar|Thief|p1a: Vaporeon
|-damage|p1a: Vaporeon|80\/100 slp
|-item|p2a: Gengar|Leftovers|[from] move: Thief|[of] p1a: Vaporeon
|
|-heal|p2a: Gengar|94\/100|[from] item: Leftovers
|upkeep
|turn|24
|inactive|Century Express has 30 seconds left.
|
|move|p2a: Gengar|Thunderbolt|p1a: Vaporeon
|-supereffective|p1a: Vaporeon
|-damage|p1a: Vaporeon|41\/100 slp
|cant|p1a: Vaporeon|slp
|move|p1a: Vaporeon|Sleep Talk|p1a: Vaporeon
|move|p1a: Vaporeon|Surf|p2a: Gengar|[from]Sleep Talk
|-damage|p2a: Gengar|48\/100
|
|-heal|p2a: Gengar|54\/100|[from] item: Leftovers
|upkeep
|turn|25
|
|move|p2a: Gengar|Thunderbolt|p1a: Vaporeon
|-supereffective|p1a: Vaporeon
|-damage|p1a: Vaporeon|2\/100 slp
|cant|p1a: Vaporeon|slp
|move|p1a: Vaporeon|Sleep Talk|p1a: Vaporeon
|move|p1a: Vaporeon|Surf|p2a: Gengar|[from]Sleep Talk
|-damage|p2a: Gengar|8\/100
|
|-heal|p2a: Gengar|14\/100|[from] item: Leftovers
|upkeep
|turn|26
|
|move|p2a: Gengar|Thunderbolt|p1a: Vaporeon
|-supereffective|p1a: Vaporeon
|-damage|p1a: Vaporeon|0 fnt
|faint|p1a: Vaporeon
|
|switch|p1a: Pato Joinha|Zapdos|35\/100
|
|-heal|p2a: Gengar|21\/100|[from] item: Leftovers
|-heal|p1a: Pato Joinha|41\/100|[from] item: Leftovers
|upkeep
|turn|27
|inactive|Century Express has 60 seconds left.
|inactive|Earthworm has 270 seconds left.
|inactive|Century Express has 30 seconds left.
|inactive|Century Express has 20 seconds left.
|inactive|Century Express has 15 seconds left.
|inactive|Earthworm has 240 seconds left.
|inactive|Earthworm has 210 seconds left.
|inactive|Earthworm has 180 seconds left.
|
|move|p2a: Gengar|Ice Punch|p1a: Pato Joinha
|-supereffective|p1a: Pato Joinha
|-damage|p1a: Pato Joinha|1\/100
|move|p1a: Pato Joinha|Rest|p1a: Pato Joinha
|-status|p1a: Pato Joinha|slp
|-heal|p1a: Pato Joinha|100\/100 slp|[silent]
|-status|p1a: Pato Joinha|slp|[from] move: Rest
|
|-heal|p2a: Gengar|27\/100|[from] item: Leftovers
|upkeep
|turn|28
|inactive|Earthworm has 180 seconds left.
|inactive|Earthworm has 150 seconds left.
|
|move|p2a: Gengar|Ice Punch|p1a: Pato Joinha
|-supereffective|p1a: Pato Joinha
|-damage|p1a: Pato Joinha|59\/100 slp
|cant|p1a: Pato Joinha|slp
|move|p1a: Pato Joinha|Sleep Talk|p1a: Pato Joinha
|move|p1a: Pato Joinha|Thunder|p2a: Gengar|[from]Sleep Talk
|-damage|p2a: Gengar|0 fnt
|faint|p2a: Gengar
|
|win|Century Express
|c|☆Earthworm|gg
|c|☆Century Express|gg
</script>
</div>
<div class="battle-log battle-log-inline"><div class="inner"><div class="battle-options"></div><div class="inner"><div class="chat message-error">Battle timer is ON: inactive players will automatically lose when time's up.</div><div class=""><small>Format:</small> <br><strong>[Gen 2] OU</strong></div><div class=""><small><em>Sleep Clause Mod:</em> Limit one foe put to sleep</small></div><div class=""><small><em>Freeze Clause Mod:</em> Limit one foe frozen</small></div><div class=""><small><em>Species Clause:</em> Limit one of each Pokémon</small></div><div class=""><small><em>OHKO Clause:</em> OHKO moves are banned</small></div><div class=""><small><em>Evasion Moves Clause:</em> Evasion moves are banned</small></div><div class=""><small><em>HP Percentage Mod:</em> HP is shown in percentages</small></div><div class="spacer battle-history"><br></div><div class="battle-history">Battle started between Century Express and Earthworm!<br></div><div class="spacer battle-history"><br></div><div class="battle-history">Go! <strong>Exeggutor</strong>!<br></div><div class="spacer battle-history"><br></div><div class="battle-history">Earthworm sent out <strong>Jynx</strong>!<br></div><div class="spacer battle-history"><br></div><h2 class="battle-history">Turn 1</h2><div class="chat"><div class="broadcast-red"><strong>Moderated chat was set to ☆!</strong><br>Only users of rank ☆ and higher can talk.</div></div><div class="chat chatmessage-centuryexpress"><strong style="color:#10a594"><small>☆</small><span class="username" data-name="Century Express">Century Express</span>:</strong> <em>hf </em></div><div class="chat message-error">Century Express has 270 seconds left.</div><div class="spacer battle-history"><br></div><div class="battle-history">Exeggutor, come back!<br></div><div class="battle-history">Go! <strong>Vaporeon</strong>!<br></div><div class="spacer battle-history"><br></div><div class="battle-history">The opposing Jynx used <strong>Lovely Kiss</strong>!<br></div><div class="battle-history"><small>Vaporeon fell asleep!</small><br></div><div class="spacer battle-history"><br></div><h2 class="battle-history">Turn 2</h2><div class="chat message-error">Century Express has 270 seconds left.</div><div class="spacer battle-history"><br></div><div class="battle-history">Earthworm withdrew Jynx!<br></div><div class="battle-history">Earthworm sent out <strong>Cloyster</strong>!<br></div><div class="spacer battle-history"><br></div><div class="battle-history">Vaporeon, come back!<br></div><div class="battle-history">Go! <strong>Exeggutor</strong>!<br></div><div class="spacer battle-history"><br></div><h2 class="battle-history">Turn 3</h2><div class="spacer battle-history"><br></div><div class="battle-history">Earthworm withdrew Cloyster!<br></div><div class="battle-history">Earthworm sent out <strong>Snorlax</strong>!<br></div><div class="spacer battle-history"><br></div><div class="battle-history">Exeggutor used <strong>Giga Drain</strong>!<br></div><div class="battle-history"><small>(The opposing Snorlax lost 15% of its health!)</small><br></div><div class="spacer battle-history"><br></div><div class="battle-history"><small>The opposing Snorlax restored a little HP using its Leftovers!</small><br></div><div class="spacer battle-history"><br></div><h2 class="battle-history">Turn 4</h2><div class="spacer battle-history"><br></div><div class="battle-history">Exeggutor used <strong>Psychic</strong>!<br></div><div class="battle-history"><small>(The opposing Snorlax lost 21% of its health!)</small><br></div><div class="spacer battle-history"><br></div><div class="battle-history">The opposing Snorlax used <strong>Double-Edge</strong>!<br></div><div class="battle-history"><small>(Exeggutor lost 45% of its health!)</small><br></div><div class="battle-history"><small>The opposing Snorlax was damaged by the recoil!</small><br></div><div class="spacer battle-history"><br></div><div class="battle-history"><small>Exeggutor restored a little HP using its Leftovers!</small><br></div><div class="battle-history"><small>The opposing Snorlax restored a little HP using its Leftovers!</small><br></div><div class="spacer battle-history"><br></div><h2 class="battle-history">Turn 5</h2><div class="spacer battle-history"><br></div><div class="battle-history">Exeggutor used <strong>Sleep Powder</strong>!<br></div><div class="battle-history"><small>The opposing Snorlax fell asleep!</small><br></div><div class="spacer battle-history"><br></div><div class="battle-history">The opposing Snorlax is fast asleep.<br></div><div class="spacer battle-history"><br></div><div class="battle-history"><small>Exeggutor restored a little HP using its Leftovers!</small><br></div><div class="battle-history"><small>The opposing Snorlax restored a little HP using its Leftovers!</small><br></div><div class="spacer battle-history"><br></div><h2 class="battle-history">Turn 6</h2><div class="chat message-error">Century Express has 270 seconds left.</div><div class="spacer battle-history"><br></div><div class="battle-history">Exeggutor, come back!<br></div><div class="battle-history">Go! <strong>Cloyster</strong>!<br></div><div class="spacer battle-history"><br></div><div class="battle-history">Earthworm withdrew Snorlax!<br></div><div class="battle-history">Earthworm sent out <strong>Jynx</strong>!<br></div><div class="spacer battle-history"><br></div><h2 class="battle-history">Turn 7</h2><div class="spacer battle-history"><br></div><div class="battle-history">The opposing Jynx used <strong>Psychic</strong>!<br></div><div class="battle-history"><small>(Cloyster lost 65% of its health!)</small><br></div><div class="battle-history"><small>Cloyster's Sp. Def fell!</small><br></div><div class="spacer battle-history"><br></div><div class="battle-history">Cloyster used <strong>Spikes</strong>!<br></div><div class="battle-history"><small>Spikes were scattered on the ground all around the opposing team!</small><br></div><div class="spacer battle-history"><br></div><div class="battle-history"><small>Cloyster restored a little HP using its Leftovers!</small><br></div><div class="spacer battle-history"><br></div><h2 class="battle-history">Turn 8</h2><div class="spacer battle-history"><br></div><div class="battle-history">Cloyster, come back!<br></div><div class="battle-history">Go! <strong>Snorlax</strong>!<br></div><div class="spacer battle-history"><br></div><div class="battle-history">The opposing Jynx used <strong>Thief</strong>!<br></div><div class="battle-history"><small>(Snorlax lost 6% of its health!)</small><br></div><div class="battle-history"><small>The opposing Jynx stole Snorlax's Leftovers!</small><br></div><div class="spacer battle-history"><br></div><h2 class="battle-history">Turn 9</h2><div class="spacer battle-history"><br></div><div class="battle-history">Earthworm withdrew Jynx!<br></div><div class="battle-history">Earthworm sent out <strong>Cloyster</strong>!<br></div><div class="battle-history"><small>The opposing Cloyster was hurt by the spikes!</small><br></div><div class="spacer battle-history"><br></div><div class="battle-history">Snorlax used <strong>Double-Edge</strong>!<br></div><div class="battle-history"><small>(The opposing Cloyster lost 31% of its health!)</small><br></div><div class="battle-history"><small>Snorlax was damaged by the recoil!</small><br></div><div class="spacer battle-history"><br></div><div class="battle-history"><small>The opposing Cloyster restored a little HP using its Leftovers!</small><br></div><div class="spacer battle-history"><br></div><h2 class="battle-history">Turn 10</h2><div class="spacer battle-history"><br></div><div class="battle-history">The opposing Cloyster used <strong>Spikes</strong>!<br></div><div class="battle-history"><small>Spikes were scattered on the ground all around your team!</small><br></div><div class="spacer battle-history"><br></div><div class="battle-history">Snorlax used <strong>Thunder</strong>!<br></div><div class="battle-history"><small>It's super effective!</small><br></div><div class="battle-history"><small>(The opposing Cloyster lost 63% of its health!)</small><br></div><div class="spacer battle-history"><br></div><div class="battle-history">The opposing Cloyster fainted!<br></div><div class="chat message-error">Earthworm has 270 seconds left.</div><div class="spacer battle-history"><br></div><div class="battle-history">Earthworm sent out <strong>Zapdos</strong>!<br></div><div class="spacer battle-history"><br></div><h2 class="battle-history">Turn 11</h2><div class="chat message-error">Century Express has 270 seconds left.</div><div class="chat message-error">Century Express has 240 seconds left.</div><div class="spacer battle-history"><br></div><div class="battle-history">Snorlax, come back!<br></div><div class="battle-history">Go! <strong>Steelix</strong>!<br></div><div class="battle-history"><small>Steelix was hurt by the spikes!</small><br></div><div class="spacer battle-history"><br></div><div class="battle-history">The opposing Zapdos used <strong>Thunder</strong>!<br></div><div class="battle-history"><small>It doesn't affect Steelix...</small><br></div><div class="spacer battle-history"><br></div><div class="battle-history"><small>Steelix restored a little HP using its Leftovers!</small><br></div><div class="spacer battle-history"><br></div><h2 class="battle-history">Turn 12</h2><div class="chat message-error">Century Express has 240 seconds left.</div><div class="spacer battle-history"><br></div><div class="battle-history">The opposing Zapdos used <strong>Hidden Power</strong>!<br></div><div class="battle-history"><small>(Steelix lost 22% of its health!)</small><br></div><div class="spacer battle-history"><br></div><div class="battle-history">Steelix used <strong>Curse</strong>!<br></div><div class="battle-history"><small>Steelix's Speed fell!</small><br></div><div class="battle-history"><small>Steelix's Attack rose!</small><br></div><div class="battle-history"><small>Steelix's Defense rose!</small><br></div><div class="spacer battle-history"><br></div><div class="battle-history"><small>Steelix restored a little HP using its Leftovers!</small><br></div><div class="spacer battle-history"><br></div><h2 class="battle-history">Turn 13</h2><div class="chat message-error">Century Express has 240 seconds left.</div><div class="spacer battle-history"><br></div><div class="battle-history">The opposing Zapdos used <strong>Hidden Power</strong>!<br></div><div class="battle-history"><small>(Steelix lost 22% of its health!)</small><br></div><div class="spacer battle-history"><br></div><div class="battle-history">Steelix used <strong>Explosion</strong>!<br></div><div class="battle-history"><small>(The opposing Zapdos lost 100% of its health!)</small><br></div><div class="spacer battle-history"><br></div><div class="battle-history">Steelix fainted!<br></div><div class="battle-history">The opposing Zapdos fainted!<br></div><div class="chat message-error">Earthworm has 270 seconds left.</div><div class="spacer battle-history"><br></div><div class="battle-history">Earthworm sent out <strong>Snorlax</strong>!<br></div><div class="spacer battle-history"><br></div><div class="battle-history">Go! <strong>Snorlax</strong>!<br></div><div class="battle-history"><small>The opposing Snorlax was hurt by the spikes!</small><br></div><div class="battle-history"><small>Snorlax was hurt by the spikes!</small><br></div><div class="spacer battle-history"><br></div><div class="battle-history"><small>The opposing Snorlax restored a little HP using its Leftovers!</small><br></div><div class="spacer battle-history"><br></div><h2 class="battle-history">Turn 14</h2><div class="spacer battle-history"><br></div><div class="battle-history">Snorlax used <strong>Double-Edge</strong>!<br></div><div class="battle-history"><small>(The opposing Snorlax lost 38% of its health!)</small><br></div><div class="battle-history"><small>Snorlax was damaged by the recoil!</small><br></div><div class="spacer battle-history"><br></div><div class="battle-history">The opposing Snorlax is fast asleep.<br></div><div class="spacer battle-history"><br></div><div class="battle-history">The opposing Snorlax used <strong>Sleep Talk</strong>!<br></div><div class="spacer battle-history"><br></div><div class="battle-history">The opposing Snorlax used <strong>Double-Edge</strong>!<br></div><div class="battle-history"><small>(Snorlax lost 35% of its health!)</small><br></div><div class="battle-history"><small>The opposing Snorlax was damaged by the recoil!</small><br></div><div class="spacer battle-history"><br></div><div class="battle-history"><small>The opposing Snorlax restored a little HP using its Leftovers!</small><br></div><div class="spacer battle-history"><br></div><h2 class="battle-history">Turn 15</h2><div class="chat message-error">Century Express has 240 seconds left.</div><div class="chat message-error">Earthworm has 270 seconds left.</div><div class="spacer battle-history"><br></div><div class="battle-history">Snorlax used <strong>Double-Edge</strong>!<br></div><div class="battle-history"><small>(The opposing Snorlax lost 27% of its health!)</small><br></div><div class="battle-history"><small>Snorlax was damaged by the recoil!</small><br></div><div class="spacer battle-history"><br></div><div class="battle-history">The opposing Snorlax fainted!<br></div><div class="spacer battle-history"><br></div><div class="battle-history">Earthworm sent out <strong>Nidoking</strong>!<br></div><div class="battle-history"><small>The opposing Nidoking was hurt by the spikes!</small><br></div><div class="spacer battle-history"><br></div><div class="battle-history"><small>The opposing Nidoking restored a little HP using its Leftovers!</small><br></div><div class="spacer battle-history"><br></div><h2 class="battle-history">Turn 16</h2><div class="chat message-error">Century Express has 210 seconds left.</div><div class="chat message-error">Century Express has 180 seconds left.</div><div class="spacer battle-history"><br></div><div class="battle-history">Snorlax, come back!<br></div><div class="battle-history">Go! Pato Joinha (<strong>Zapdos</strong>)!<br></div><div class="spacer battle-history"><br></div><div class="battle-history">The opposing Nidoking used <strong>Earthquake</strong>!<br></div><div class="battle-history"><small>It doesn't affect Pato Joinha...</small><br></div><div class="spacer battle-history"><br></div><div class="battle-history"><small>The opposing Nidoking restored a little HP using its Leftovers!</small><br></div><div class="spacer battle-history"><br></div><h2 class="battle-history">Turn 17</h2><div class="spacer battle-history"><br></div><div class="battle-history">Pato Joinha used <strong>Light Screen</strong>!<br></div><div class="battle-history"><small>Light Screen made your team stronger against special moves!</small><br></div><div class="spacer battle-history"><br></div><div class="battle-history">The opposing Nidoking used <strong>Ice Beam</strong>!<br></div><div class="battle-history"><small>A critical hit!</small><br></div><div class="battle-history"><small>It's super effective!</small><br></div><div class="battle-history"><small>(Pato Joinha lost 77% of its health!)</small><br></div><div class="spacer battle-history"><br></div><div class="battle-history"><small>Pato Joinha restored a little HP using its Leftovers!</small><br></div><div class="battle-history"><small>The opposing Nidoking restored a little HP using its Leftovers!</small><br></div><div class="spacer battle-history"><br></div><h2 class="battle-history">Turn 18</h2><div class="chat message-error">Century Express has 150 seconds left.</div><div class="chat message-error">Century Express has 120 seconds left.</div><div class="spacer battle-history"><br></div><div class="battle-history">Pato Joinha, come back!<br></div><div class="battle-history">Go! <strong>Exeggutor</strong>!<br></div><div class="battle-history"><small>Exeggutor was hurt by the spikes!</small><br></div><div class="spacer battle-history"><br></div><div class="battle-history">The opposing Nidoking used <strong>Ice Beam</strong>!<br></div><div class="battle-history"><small>It's super effective!</small><br></div><div class="battle-history"><small>(Exeggutor lost 21% of its health!)</small><br></div><div class="spacer battle-history"><br></div><div class="battle-history"><small>Exeggutor restored a little HP using its Leftovers!</small><br></div><div class="spacer battle-history"><br></div><h2 class="battle-history">Turn 19</h2><div class="chat message-error">Earthworm has 270 seconds left.</div><div class="spacer battle-history"><br></div><div class="battle-history">The opposing Nidoking used <strong>Ice Beam</strong>!<br></div><div class="battle-history"><small>It's super effective!</small><br></div><div class="battle-history"><small>(Exeggutor lost 21% of its health!)</small><br></div><div class="spacer battle-history"><br></div><div class="battle-history">Exeggutor used <strong>Sleep Powder</strong>!<br></div><div class="battle-history"><small>The opposing Nidoking fell asleep!</small><br></div><div class="spacer battle-history"><br></div><div class="battle-history"><small>Exeggutor restored a little HP using its Leftovers!</small><br></div><div class="spacer battle-history"><br></div><h2 class="battle-history">Turn 20</h2><div class="chat message-error">Earthworm has 270 seconds left.</div><div class="chat message-error">Century Express has 90 seconds left.</div><div class="spacer battle-history"><br></div><div class="battle-history">The opposing Nidoking is fast asleep.<br></div><div class="spacer battle-history"><br></div><div class="battle-history">Exeggutor used <strong>Explosion</strong>!<br></div><div class="battle-history"><small>(The opposing Nidoking lost 100% of its health!)</small><br></div><div class="spacer battle-history"><br></div><div class="battle-history">Exeggutor fainted!<br></div><div class="battle-history">The opposing Nidoking fainted!<br></div><div class="chat message-error">Earthworm has 270 seconds left.</div><div class="spacer battle-history"><br></div><div class="battle-history">Earthworm sent out <strong>Jynx</strong>!<br></div><div class="spacer battle-history"><br></div><div class="battle-history">Go! <strong>Snorlax</strong>!<br></div><div class="battle-history"><small>The opposing Jynx was hurt by the spikes!</small><br></div><div class="battle-history"><small>Snorlax was hurt by the spikes!</small><br></div><div class="spacer battle-history"><br></div><div class="battle-history"><small>The opposing Jynx restored a little HP using its Leftovers!</small><br></div><div class="spacer battle-history"><br></div><h2 class="battle-history">Turn 21</h2><div class="chat message-error">Earthworm has 240 seconds left.</div><div class="spacer battle-history"><br></div><div class="battle-history">The opposing Jynx used <strong>Psychic</strong>!<br></div><div class="battle-history"><small>(Snorlax lost 10% of its health!)</small><br></div><div class="spacer battle-history"><br></div><div class="battle-history">Snorlax used <strong>Self-Destruct</strong>!<br></div><div class="battle-history"><small>(The opposing Jynx lost 94% of its health!)</small><br></div><div class="spacer battle-history"><br></div><div class="battle-history">Snorlax fainted!<br></div><div class="battle-history">The opposing Jynx fainted!<br></div><div class="spacer battle-history"><br></div><div class="battle-history">Earthworm sent out <strong>Gengar</strong>!<br></div><div class="spacer battle-history"><br></div><div class="battle-history">Go! <strong>Cloyster</strong>!<br></div><div class="battle-history"><small>The opposing Gengar was hurt by the spikes!</small><br></div><div class="battle-history"><small>Cloyster was hurt by the spikes!</small><br></div><div class="spacer battle-history"><br></div><div class="battle-history"><small>Cloyster restored a little HP using its Leftovers!</small><br></div><div class="battle-history"><small>Your team's Light Screen wore off!</small><br></div><div class="spacer battle-history"><br></div><h2 class="battle-history">Turn 22</h2><div class="spacer battle-history"><br></div><div class="battle-history">The opposing Gengar used <strong>Thunderbolt</strong>!<br></div><div class="battle-history"><small>It's super effective!</small><br></div><div class="battle-history"><small>(Cloyster lost 35% of its health!)</small><br></div><div class="spacer battle-history"><br></div><div class="battle-history">Cloyster fainted!<br></div><div class="chat message-error">Century Express has 60 seconds left.</div><div class="chat message-error">Century Express has 30 seconds left.</div><div class="chat message-error">Century Express has 20 seconds left.</div><div class="spacer battle-history"><br></div><div class="battle-history">Go! Pato Joinha (<strong>Zapdos</strong>)!<br></div><div class="spacer battle-history"><br></div><div class="battle-history"><small>Pato Joinha restored a little HP using its Leftovers!</small><br></div><div class="spacer battle-history"><br></div><h2 class="battle-history">Turn 23</h2><div class="spacer battle-history"><br></div><div class="battle-history">Pato Joinha, come back!<br></div><div class="battle-history">Go! <strong>Vaporeon</strong>!<br></div><div class="battle-history"><small>Vaporeon was hurt by the spikes!</small><br></div><div class="spacer battle-history"><br></div><div class="battle-history">The opposing Gengar used <strong>Thief</strong>!<br></div><div class="battle-history"><small>(Vaporeon lost 8% of its health!)</small><br></div><div class="battle-history"><small>The opposing Gengar stole Vaporeon's Leftovers!</small><br></div><div class="spacer battle-history"><br></div><div class="battle-history"><small>The opposing Gengar restored a little HP using its Leftovers!</small><br></div><div class="spacer battle-history"><br></div><h2 class="battle-history">Turn 24</h2><div class="chat message-error">Century Express has 30 seconds left.</div><div class="spacer battle-history"><br></div><div class="battle-history">The opposing Gengar used <strong>Thunderbolt</strong>!<br></div><div class="battle-history"><small>It's super effective!</small><br></div><div class="battle-history"><small>(Vaporeon lost 39% of its health!)</small><br></div><div class="spacer battle-history"><br></div><div class="battle-history">Vaporeon is fast asleep.<br></div><div class="spacer battle-history"><br></div><div class="battle-history">Vaporeon used <strong>Sleep Talk</strong>!<br></div><div class="spacer battle-history"><br></div><div class="battle-history">Vaporeon used <strong>Surf</strong>!<br></div><div class="battle-history"><small>(The opposing Gengar lost 46% of its health!)</small><br></div><div class="spacer battle-history"><br></div><div class="battle-history"><small>The opposing Gengar restored a little HP using its Leftovers!</small><br></div><div class="spacer battle-history"><br></div><h2 class="battle-history">Turn 25</h2><div class="spacer battle-history"><br></div><div class="battle-history">The opposing Gengar used <strong>Thunderbolt</strong>!<br></div><div class="battle-history"><small>It's super effective!</small><br></div><div class="battle-history"><small>(Vaporeon lost 39% of its health!)</small><br></div><div class="spacer battle-history"><br></div><div class="battle-history">Vaporeon is fast asleep.<br></div><div class="spacer battle-history"><br></div><div class="battle-history">Vaporeon used <strong>Sleep Talk</strong>!<br></div><div class="spacer battle-history"><br></div><div class="battle-history">Vaporeon used <strong>Surf</strong>!<br></div><div class="battle-history"><small>(The opposing Gengar lost 46% of its health!)</small><br></div><div class="spacer battle-history"><br></div><div class="battle-history"><small>The opposing Gengar restored a little HP using its Leftovers!</small><br></div><div class="spacer battle-history"><br></div><h2 class="battle-history">Turn 26</h2><div class="spacer battle-history"><br></div><div class="battle-history">The opposing Gengar used <strong>Thunderbolt</strong>!<br></div><div class="battle-history"><small>It's super effective!</small><br></div><div class="battle-history"><small>(Vaporeon lost 2% of its health!)</small><br></div><div class="spacer battle-history"><br></div><div class="battle-history">Vaporeon fainted!<br></div><div class="spacer battle-history"><br></div><div class="battle-history">Go! Pato Joinha (<strong>Zapdos</strong>)!<br></div><div class="spacer battle-history"><br></div><div class="battle-history"><small>The opposing Gengar restored a little HP using its Leftovers!</small><br></div><div class="battle-history"><small>Pato Joinha restored a little HP using its Leftovers!</small><br></div><div class="spacer battle-history"><br></div><h2 class="battle-history">Turn 27</h2><div class="chat message-error">Century Express has 60 seconds left.</div><div class="chat message-error">Earthworm has 270 seconds left.</div><div class="chat message-error">Century Express has 30 seconds left.</div><div class="chat message-error">Century Express has 20 seconds left.</div><div class="chat message-error">Century Express has 15 seconds left.</div><div class="chat message-error">Earthworm has 240 seconds left.</div><div class="chat message-error">Earthworm has 210 seconds left.</div><div class="chat message-error">Earthworm has 180 seconds left.</div><div class="spacer battle-history"><br></div><div class="battle-history">The opposing Gengar used <strong>Ice Punch</strong>!<br></div><div class="battle-history"><small>It's super effective!</small><br></div><div class="battle-history"><small>(Pato Joinha lost 40% of its health!)</small><br></div><div class="spacer battle-history"><br></div><div class="battle-history">Pato Joinha used <strong>Rest</strong>!<br></div><div class="battle-history"><small>Pato Joinha fell asleep!</small><br></div><div class="battle-history"><small>Pato Joinha slept and became healthy!</small><br></div><div class="spacer battle-history"><br></div><div class="battle-history"><small>The opposing Gengar restored a little HP using its Leftovers!</small><br></div><div class="spacer battle-history"><br></div><h2 class="battle-history">Turn 28</h2><div class="chat message-error">Earthworm has 180 seconds left.</div><div class="chat message-error">Earthworm has 150 seconds left.</div><div class="spacer battle-history"><br></div><div class="battle-history">The opposing Gengar used <strong>Ice Punch</strong>!<br></div><div class="battle-history"><small>It's super effective!</small><br></div><div class="battle-history"><small>(Pato Joinha lost 41% of its health!)</small><br></div><div class="spacer battle-history"><br></div><div class="battle-history">Pato Joinha is fast asleep.<br></div><div class="spacer battle-history"><br></div><div class="battle-history">Pato Joinha used <strong>Sleep Talk</strong>!<br></div><div class="spacer battle-history"><br></div><div class="battle-history">Pato Joinha used <strong>Thunder</strong>!<br></div><div class="battle-history"><small>(The opposing Gengar lost 27% of its health!)</small><br></div><div class="spacer battle-history"><br></div><div class="battle-history">The opposing Gengar fainted!<br></div><div class="spacer battle-history"><br></div><div class="battle-history"><strong>Century Express</strong> won the battle!<br></div><div class="chat chatmessage-earthworm"><strong style="color:#b12f77"><small>☆</small><span class="username" data-name="Earthworm">Earthworm</span>:</strong> <em>gg</em></div><div class="chat chatmessage-centuryexpress"><strong style="color:#10a594"><small>☆</small><span class="username" data-name="Century Express">Century Express</span>:</strong> <em>gg</em></div></div><div class="inner-preempt"></div></div></div>
</div>
<script>
let daily = Math.floor(Date.now()/1000/60/60/24);document.write('<script src="https://play.pokemonshowdown.com/js/replay-embed.js?version'+daily+'"></'+'script>');
</script>
