<!DOCTYPE html>
<meta charset="utf-8" />
<!-- version 1 -->
<title>[Gen 2] OU replay: d0nut vs. giara ★_★</title>
<style>
html,body {font-family:Verdana, sans-serif;font-size:10pt;margin:0;padding:0;}body{padding:12px 0;} .battle-log {font-family:Verdana, sans-serif;font-size:10pt;} .battle-log-inline {border:1px solid #AAAAAA;background:#EEF2F5;color:black;max-width:640px;margin:0 auto 80px;padding-bottom:5px;} .battle-log .inner {padding:4px 8px 0px 8px;} .battle-log .inner-preempt {padding:0 8px 4px 8px;} .battle-log .inner-after {margin-top:0.5em;} .battle-log h2 {margin:0.5em -8px;padding:4px 8px;border:1px solid #AAAAAA;background:#E0E7EA;border-left:0;border-right:0;font-family:Verdana, sans-serif;font-size:13pt;} .battle-log .chat {vertical-align:middle;padding:3px 0 3px 0;font-size:8pt;} .battle-log .chat strong {color:#40576A;} .battle-log .chat em {padding:1px 4px 1px 3px;color:#000000;font-style:normal;} .chat.mine {background:rgba(0,0,0,0.05);margin-left:-8px;margin-right:-8px;padding-left:8px;padding-right:8px;} .spoiler {color:#BBBBBB;background:#BBBBBB;padding:0px 3px;} .spoiler:hover, .spoiler:active, .spoiler-shown {color:#000000;background:#E2E2E2;padding:0px 3px;} .spoiler a {color:#BBBBBB;} .spoiler:hover a, .spoiler:active a, .spoiler-shown a {color:#2288CC;} .chat code, .chat .spoiler:hover code, .chat .spoiler:active code, .chat .spoiler-shown code {border:1px solid #C0C0C0;background:#EEEEEE;color:black;padding:0 2px;} .chat .spoiler code {border:1px solid #CCCCCC;background:#CCCCCC;color:#CCCCCC;} .battle-log .rated {padding:3px 4px;} .battle-log .rated strong {color:white;background:#89A;padding:1px 4px;border-radius:4px;} .spacer {margin-top:0.5em;} .message-announce {background:#6688AA;color:white;padding:1px 4px 2px;} .message-announce a, .broadcast-green a, .broadcast-blue a, .broadcast-red a {color:#DDEEFF;} .broadcast-green {background-color:#559955;color:white;padding:2px 4px;} .broadcast-blue {background-color:#6688AA;color:white;padding:2px 4px;} .infobox {border:1px solid #6688AA;padding:2px 4px;} .infobox-limited {max-height:200px;overflow:auto;overflow-x:hidden;} .broadcast-red {background-color:#AA5544;color:white;padding:2px 4px;} .message-learn-canlearn {font-weight:bold;color:#228822;text-decoration:underline;} .message-learn-cannotlearn {font-weight:bold;color:#CC2222;text-decoration:underline;} .message-effect-weak {font-weight:bold;color:#CC2222;} .message-effect-resist {font-weight:bold;color:#6688AA;} .message-effect-immune {font-weight:bold;color:#666666;} .message-learn-list {margin-top:0;margin-bottom:0;} .message-throttle-notice, .message-error {color:#992222;} .message-overflow, .chat small.message-overflow {font-size:0pt;} .message-overflow::before {font-size:9pt;content:'...';} .subtle {color:#3A4A66;}
</style>
<div class="wrapper replay-wrapper" style="max-width:1180px;margin:0 auto">
<input type="hidden" name="replayid" value="smogtours-gen2ou-255153" />
<div class="battle"></div><div class="battle-log"></div><div class="replay-controls"></div><div class="replay-controls-2"></div>
<h1 style="font-weight:normal;text-align:center"><strong>[Gen 2] OU</strong><br /><a href="http://pokemonshowdown.com/users/d0nut" class="subtle" target="_blank">d0nut</a> vs. <a href="http://pokemonshowdown.com/users/giara" class="subtle" target="_blank">giara ★_★</a></h1>
<script type="text/plain" class="battle-log-data">|inactive|Battle timer is ON: inactive players will automatically lose when time's up.
|J|d0nut
|J|giara ★_★
|player|p1|d0nut|266
|player|p2|giara ★_★|218
|gametype|singles
|gen|2
|tier|[Gen 2] OU
|seed|58268,3309,23728,10073
|rule|Sleep Clause Mod: Limit one foe put to sleep
|rule|Species Clause: Limit one of each Pokémon
|rule|OHKO Clause: OHKO moves are banned
|rule|Evasion Moves Clause: Evasion moves are banned
|rule|HP Percentage Mod: HP is shown in percentages
|
|start
|switch|p1a: Raikou|Raikou|383\/383
|switch|p2a: Snorlax|Snorlax, M|523\/523
|turn|1
|J|Corazan
|J|FINCHINATOR
|J|Pohjis
|c|+FINCHINATOR|-
|J|Baganha
|J|memeflict
|c|+Corazan|in
|c|★giara ★_★|gl hf
|J|reyscarface
|J|marrano
|J|ABR
|J|Alexander♔
|J|Empo
|J|zf
|J|Ict
|J|soulgazer
|c|+Empo|d zero nut
|J|Syl♥ie Lyyneheym
|J|dogman552
|J|Esteemed User ツ
|J|asch★ketchum
|J|Fakkesi
|J|socal so good
|J|daftmau5
|J|dice
|J|NightFoxx
|J|THE PDC SHOW
|J|TheThorn
|J|Mazary
|J|retent rettent
|c|+Mazary|gooo gignac
|J|blunderr
|J|miltankmilk
|choice|move reflect|move doubleedge
|
|move|p1a: Raikou|Reflect|p1a: Raikou
|-sidestart|p1: d0nut|Reflect
|move|p2a: Snorlax|Double-Edge|p1a: Raikou
|-damage|p1a: Raikou|296\/383
|-damage|p2a: Snorlax|502\/523|[from] recoil|[of] p1a: Raikou
|
|-heal|p1a: Raikou|319\/383|[from] item: Leftovers
|-heal|p2a: Snorlax|523\/523|[from] item: Leftovers
|upkeep
|turn|2
|c|+Mazary|**vamos tigres**
|c|+FINCHINATOR|**d0nut**
|J|choolio iglesias
|J|Cdumas
|J|Poek
|J|TriAnGlezZ
|J|GOAO
|choice|switch 4|move doubleedge
|
|switch|p1a: Skarmory|Skarmory, M|333\/333
|move|p2a: Snorlax|Double-Edge|p1a: Skarmory
|-resisted|p1a: Skarmory
|-damage|p1a: Skarmory|305\/333
|-damage|p2a: Snorlax|516\/523|[from] recoil|[of] p1a: Skarmory
|
|-heal|p1a: Skarmory|325\/333|[from] item: Leftovers
|-heal|p2a: Snorlax|523\/523|[from] item: Leftovers
|upkeep
|turn|3
|L|Poek
|J|Shoka
|choice|move whirlwind|switch 3
|
|switch|p2a: Cloyster|Cloyster, M|303\/303
|move|p1a: Skarmory|Whirlwind|p2a: Cloyster
|drag|p2a: Raikou|Raikou|383\/383
|
|-heal|p1a: Skarmory|333\/333|[from] item: Leftovers
|upkeep
|turn|4
|c|+Mazary|#finchtour23
|J|Heavenly Jewel
|J|Jayde
|J|fitzy
|choice|switch 4|move roar
|
|switch|p1a: Raikou|Raikou|319\/383
|move|p2a: Raikou|Roar|p1a: Raikou
|drag|p1a: Miltank|Miltank, F|393\/393
|
|upkeep
|turn|5
|c|+Shoka|allez giara !
|L|asch★ketchum
|J|Astamatitos
|J|ThePear
|J|schnee vong estern
|J|Texas Cloverleaf
|J|sing for the tears
|L|retent rettent
|J|Sken
|J|ludicrousman
|choice|switch 5|move thunder
|
|switch|p1a: Raikou|Raikou|319\/383
|move|p2a: Raikou|Thunder|p1a: Raikou
|-resisted|p1a: Raikou
|-damage|p1a: Raikou|236\/383
|
|-heal|p1a: Raikou|259\/383|[from] item: Leftovers
|-sideend|p1: d0nut|Reflect
|upkeep
|turn|6
|J|Moonclawz
|J|bluri
|J|tamahome
|choice|move thunder|move roar
|
|move|p1a: Raikou|Thunder|p2a: Raikou|[miss]
|-miss|p1a: Raikou|p2a: Raikou
|move|p2a: Raikou|Roar|p1a: Raikou
|drag|p1a: Skarmory|Skarmory, M|333\/333
|
|upkeep
|turn|7
|choice|switch 4|switch 3
|
|switch|p2a: Snorlax|Snorlax, M|523\/523
|switch|p1a: Raikou|Raikou|259\/383
|
|-heal|p1a: Raikou|282\/383|[from] item: Leftovers
|upkeep
|turn|8
|choice|switch 4|move doubleedge
|
|switch|p1a: Skarmory|Skarmory, M|333\/333
|move|p2a: Snorlax|Double-Edge|p1a: Skarmory
|-resisted|p1a: Skarmory
|-damage|p1a: Skarmory|276\/333
|-damage|p2a: Snorlax|509\/523|[from] recoil|[of] p1a: Skarmory
|
|-heal|p1a: Skarmory|296\/333|[from] item: Leftovers
|-heal|p2a: Snorlax|523\/523|[from] item: Leftovers
|upkeep
|turn|9
|choice|move whirlwind|move doubleedge
|
|move|p2a: Snorlax|Double-Edge|p1a: Skarmory
|-resisted|p1a: Skarmory
|-damage|p1a: Skarmory|240\/333
|-damage|p2a: Snorlax|509\/523|[from] recoil|[of] p1a: Skarmory
|move|p1a: Skarmory|Whirlwind|p2a: Snorlax
|drag|p2a: Zapdos|Zapdos|383\/383
|
|-heal|p1a: Skarmory|260\/333|[from] item: Leftovers
|upkeep
|turn|10
|choice|switch 4|switch 2
|
|switch|p2a: Snorlax|Snorlax, M|509\/523
|switch|p1a: Raikou|Raikou|282\/383
|
|-heal|p1a: Raikou|305\/383|[from] item: Leftovers
|-heal|p2a: Snorlax|523\/523|[from] item: Leftovers
|upkeep
|turn|11
|c|+soulgazer|allez giara
|J|b¬rawl MK
|J|Simiatic
|choice|switch 4|move doubleedge
|
|switch|p1a: Skarmory|Skarmory, M|260\/333
|move|p2a: Snorlax|Double-Edge|p1a: Skarmory
|-resisted|p1a: Skarmory
|-damage|p1a: Skarmory|205\/333
|-damage|p2a: Snorlax|510\/523|[from] recoil|[of] p1a: Skarmory
|
|-heal|p1a: Skarmory|225\/333|[from] item: Leftovers
|-heal|p2a: Snorlax|523\/523|[from] item: Leftovers
|upkeep
|turn|12
|J|Jimmy Turtwig
|J|Mark 88889
|choice|move whirlwind|switch 4
|
|switch|p2a: Cloyster|Cloyster, M|303\/303
|move|p1a: Skarmory|Whirlwind|p2a: Cloyster
|drag|p2a: Snorlax|Snorlax, M|523\/523
|
|-heal|p1a: Skarmory|245\/333|[from] item: Leftovers
|upkeep
|turn|13
|J|qsns
|J|hamhamhamham
|choice|move whirlwind|move doubleedge
|
|move|p2a: Snorlax|Double-Edge|p1a: Skarmory
|-resisted|p1a: Skarmory
|-damage|p1a: Skarmory|188\/333
|-damage|p2a: Snorlax|509\/523|[from] recoil|[of] p1a: Skarmory
|move|p1a: Skarmory|Whirlwind|p2a: Snorlax
|drag|p2a: Raikou|Raikou|383\/383
|
|-heal|p1a: Skarmory|208\/333|[from] item: Leftovers
|upkeep
|turn|14
|J|Mr.378
|J|SamVGC ✿
|choice|switch 6|switch 3
|
|switch|p2a: Snorlax|Snorlax, M|509\/523
|switch|p1a: Marowak|Marowak, M|323\/323
|
|-heal|p2a: Snorlax|523\/523|[from] item: Leftovers
|upkeep
|turn|15
|J|Ciele
|J|DestinyUnknown
|choice|move earthquake|move doubleedge
|
|move|p1a: Marowak|Earthquake|p2a: Snorlax
|-damage|p2a: Snorlax|264\/523
|move|p2a: Snorlax|Double-Edge|p1a: Marowak
|-damage|p1a: Marowak|189\/323
|-damage|p2a: Snorlax|231\/523|[from] recoil|[of] p1a: Marowak
|
|-heal|p2a: Snorlax|263\/523|[from] item: Leftovers
|upkeep
|turn|16
|J|Sakuya of Touhou
|J|LJDarkrai ☯♆
|J|madman404☭
|J|teal6
|J|retent rettent
|J|ZuperG
|J|Tony
|J|Kingler12345
|raw|<div class="broadcast-red"><b>Moderated chat was set to @!<\/b><br \/>Only users of rank @ and higher can talk.<\/div>
|J|tko
|J|auburn skies
|J|Fish18
|J|camilas
|L|camilas
|choice|move earthquake|switch 4
|
|switch|p2a: Cloyster|Cloyster, M|303\/303
|move|p1a: Marowak|Earthquake|p2a: Cloyster
|-damage|p2a: Cloyster|170\/303
|
|-heal|p2a: Cloyster|188\/303|[from] item: Leftovers
|upkeep
|turn|17
|L|Fish18
|J|Rampecker
|choice|switch 3|move spikes
|
|switch|p1a: Starmie|Starmie|323\/323
|move|p2a: Cloyster|Spikes|p1a: Starmie
|-sidestart|p1: d0nut|Spikes
|
|-heal|p2a: Cloyster|206\/303|[from] item: Leftovers
|upkeep
|turn|18
|choice|move rapidspin|move toxic
|
|move|p1a: Starmie|Rapid Spin|p2a: Cloyster
|-damage|p2a: Cloyster|197\/303
|-sideend|p1: d0nut|Spikes|[from] move: Rapid Spin|[of] p1a: Starmie
|move|p2a: Cloyster|Toxic|p1a: Starmie
|-status|p1a: Starmie|tox
|
|-heal|p2a: Cloyster|215\/303|[from] item: Leftovers
|upkeep
|turn|19
|J|Gary2346
|L|madman404☭
|J|Newalfonquest
|choice|move thunderwave|switch 4
|
|switch|p2a: Snorlax|Snorlax, M|263\/523
|move|p1a: Starmie|Thunder Wave|p2a: Snorlax
|-status|p2a: Snorlax|par
|-damage|p1a: Starmie|303\/323 tox|[from] tox|[of] p2a: Snorlax
|
|-heal|p1a: Starmie|323\/323 tox|[from] item: Leftovers
|-heal|p2a: Snorlax|295\/523 par|[from] item: Leftovers
|upkeep
|turn|20
|J|Tobes
|L|Mark 88889
|L|Tobes
|L|ZuperG
|J|Tobes
|choice|switch 6|switch 4
|
|switch|p1a: Skarmory|Skarmory, M|208\/333
|switch|p2a: Cloyster|Cloyster, M|215\/303
|
|-heal|p2a: Cloyster|233\/303|[from] item: Leftovers
|-heal|p1a: Skarmory|228\/333|[from] item: Leftovers
|upkeep
|turn|21
|L|Tobes
|choice|switch 6|move spikes
|
|switch|p1a: Starmie|Starmie|323\/323 tox
|-status|p1a: Starmie|psn
|-damage|p1a: Starmie|283\/323 psn|[from] psn
|move|p2a: Cloyster|Spikes|p1a: Starmie
|-sidestart|p1: d0nut|Spikes
|
|-heal|p1a: Starmie|303\/323 psn|[from] item: Leftovers
|-heal|p2a: Cloyster|251\/303|[from] item: Leftovers
|upkeep
|turn|22
|J|Tobes
|J|1lk2j1l2j3
|choice|move rapidspin|move spikes
|
|move|p1a: Starmie|Rapid Spin|p2a: Cloyster
|-damage|p2a: Cloyster|241\/303
|-sideend|p1: d0nut|Spikes|[from] move: Rapid Spin|[of] p1a: Starmie
|-damage|p1a: Starmie|263\/323 psn|[from] psn|[of] p2a: Cloyster
|move|p2a: Cloyster|Spikes|p1a: Starmie
|-sidestart|p1: d0nut|Spikes
|
|-heal|p1a: Starmie|283\/323 psn|[from] item: Leftovers
|-heal|p2a: Cloyster|259\/303|[from] item: Leftovers
|upkeep
|turn|23
|choice|move rapidspin|switch 3
|
|switch|p2a: Raikou|Raikou|383\/383
|move|p1a: Starmie|Rapid Spin|p2a: Raikou
|-damage|p2a: Raikou|366\/383
|-sideend|p1: d0nut|Spikes|[from] move: Rapid Spin|[of] p1a: Starmie
|-damage|p1a: Starmie|243\/323 psn|[from] psn|[of] p2a: Raikou
|
|-heal|p2a: Raikou|383\/383|[from] item: Leftovers
|-heal|p1a: Starmie|263\/323 psn|[from] item: Leftovers
|upkeep
|turn|24
|choice|switch 2|move thunder
|
|switch|p1a: Snorlax|Snorlax, M|523\/523
|move|p2a: Raikou|Thunder|p1a: Snorlax|[miss]
|-miss|p2a: Raikou|p1a: Snorlax
|
|upkeep
|turn|25
|J|FLCL
|J|Lusch
|choice|move bodyslam|move reflect
|
|move|p2a: Raikou|Reflect|p2a: Raikou
|-sidestart|p2: giara ★_★|Reflect
|move|p1a: Snorlax|Body Slam|p2a: Raikou
|-damage|p2a: Raikou|316\/383
|
|-heal|p2a: Raikou|339\/383|[from] item: Leftovers
|upkeep
|turn|26
|J|marcop9923
|J|6ti
|choice|move bodyslam|switch 3
|
|switch|p2a: Cloyster|Cloyster, M|259\/303
|move|p1a: Snorlax|Body Slam|p2a: Cloyster
|-damage|p2a: Cloyster|222\/303
|-status|p2a: Cloyster|par
|
|-heal|p2a: Cloyster|240\/303 par|[from] item: Leftovers
|upkeep
|turn|27
|L|6ti
|L|bluri
|J|hogg
|J|Finding True Love
|choice|switch 2|move spikes
|
|switch|p1a: Starmie|Starmie|263\/323 psn
|-damage|p1a: Starmie|223\/323 psn|[from] psn
|move|p2a: Cloyster|Spikes|p1a: Starmie
|-sidestart|p1: d0nut|Spikes
|
|-heal|p1a: Starmie|243\/323 psn|[from] item: Leftovers
|-heal|p2a: Cloyster|258\/303 par|[from] item: Leftovers
|upkeep
|turn|28
|J|Villa
|L|Cdumas
|L|tko
|choice|move rapidspin|switch 3
|
|switch|p2a: Raikou|Raikou|339\/383
|move|p1a: Starmie|Rapid Spin|p2a: Raikou
|-damage|p2a: Raikou|331\/383
|-sideend|p1: d0nut|Spikes|[from] move: Rapid Spin|[of] p1a: Starmie
|-damage|p1a: Starmie|203\/323 psn|[from] psn|[of] p2a: Raikou
|
|-heal|p2a: Raikou|354\/383|[from] item: Leftovers
|-heal|p1a: Starmie|223\/323 psn|[from] item: Leftovers
|upkeep
|turn|29
|J|broken dreams
|choice|switch 4|switch 3
|
|switch|p1a: Raikou|Raikou|305\/383
|switch|p2a: Cloyster|Cloyster, M|258\/303 par
|
|-heal|p1a: Raikou|328\/383|[from] item: Leftovers
|-heal|p2a: Cloyster|276\/303 par|[from] item: Leftovers
|-sideend|p2: giara ★_★|Reflect
|upkeep
|turn|30
|J|JabbaTheGriffin
|choice|move thunder|switch 3
|
|switch|p2a: Raikou|Raikou|354\/383
|move|p1a: Raikou|Thunder|p2a: Raikou
|-resisted|p2a: Raikou
|-damage|p2a: Raikou|279\/383
|
|-heal|p2a: Raikou|302\/383|[from] item: Leftovers
|-heal|p1a: Raikou|351\/383|[from] item: Leftovers
|upkeep
|turn|31
|choice|move thunder|move roar
|
|move|p1a: Raikou|Thunder|p2a: Raikou
|-resisted|p2a: Raikou
|-damage|p2a: Raikou|229\/383
|move|p2a: Raikou|Roar|p1a: Raikou
|drag|p1a: Marowak|Marowak, M|189\/323
|
|-heal|p2a: Raikou|252\/383|[from] item: Leftovers
|upkeep
|turn|32
|choice|move rockslide|switch 2
|
|switch|p2a: Zapdos|Zapdos|383\/383
|move|p1a: Marowak|Rock Slide|p2a: Zapdos
|-supereffective|p2a: Zapdos
|-damage|p2a: Zapdos|148\/383
|
|-heal|p2a: Zapdos|171\/383|[from] item: Leftovers
|upkeep
|turn|33
|J|rawr arcanine
|choice|move rockslide|move hiddenpower
|
|move|p2a: Zapdos|Hidden Power|p1a: Marowak
|-supereffective|p1a: Marowak
|-damage|p1a: Marowak|50\/323
|move|p1a: Marowak|Rock Slide|p2a: Zapdos
|-supereffective|p2a: Zapdos
|-damage|p2a: Zapdos|0 fnt
|faint|p2a: Zapdos
|J|Cdumas
|J|urban
|J|r0ady
|J|Updated Kanto
|choice||switch 3
|
|switch|p2a: Cloyster|Cloyster, M|276\/303 par
|
|-heal|p2a: Cloyster|294\/303 par|[from] item: Leftovers
|upkeep
|turn|34
|L|r0ady
|choice|switch 4|move surf
|
|switch|p1a: Starmie|Starmie|223\/323 psn
|-damage|p1a: Starmie|183\/323 psn|[from] psn
|move|p2a: Cloyster|Surf|p1a: Starmie
|-resisted|p1a: Starmie
|-damage|p1a: Starmie|131\/323 psn
|
|-heal|p1a: Starmie|151\/323 psn|[from] item: Leftovers
|-heal|p2a: Cloyster|303\/303 par|[from] item: Leftovers
|upkeep
|turn|35
|choice|move recover|move spikes
|
|move|p1a: Starmie|Recover|p1a: Starmie
|-heal|p1a: Starmie|313\/323 psn
|-damage|p1a: Starmie|273\/323 psn|[from] psn
|move|p2a: Cloyster|Spikes|p1a: Starmie
|-sidestart|p1: d0nut|Spikes
|
|-heal|p1a: Starmie|293\/323 psn|[from] item: Leftovers
|upkeep
|turn|36
|choice|move rapidspin|move explosion
|
|move|p1a: Starmie|Rapid Spin|p2a: Cloyster
|-damage|p2a: Cloyster|293\/303 par
|-sideend|p1: d0nut|Spikes|[from] move: Rapid Spin|[of] p1a: Starmie
|-damage|p1a: Starmie|253\/323 psn|[from] psn|[of] p2a: Cloyster
|move|p2a: Cloyster|Explosion|p1a: Starmie
|-damage|p1a: Starmie|0 fnt
|faint|p1a: Starmie
|faint|p2a: Cloyster
|L|ThePear
|L|Jayde
|L|Cdumas
|L|retent rettent
|choice|switch 3|switch 5
|
|switch|p1a: Raikou|Raikou|351\/383
|switch|p2a: Tyranitar|Tyranitar, M|403\/403
|
|-heal|p1a: Raikou|374\/383|[from] item: Leftovers
|upkeep
|turn|37
|J|dogman551
|J|Cdumas
|choice|move reflect|move rockslide
|
|move|p1a: Raikou|Reflect|p1a: Raikou
|-sidestart|p1: d0nut|Reflect
|move|p2a: Tyranitar|Rock Slide|p1a: Raikou
|-damage|p1a: Raikou|303\/383
|
|-heal|p1a: Raikou|326\/383|[from] item: Leftovers
|upkeep
|turn|38
|L|Cdumas
|J|Cdumas
|choice|move thunder|move rockslide
|
|move|p1a: Raikou|Thunder|p2a: Tyranitar|[miss]
|-miss|p1a: Raikou|p2a: Tyranitar
|move|p2a: Tyranitar|Rock Slide|p1a: Raikou
|-damage|p1a: Raikou|264\/383
|
|-heal|p1a: Raikou|287\/383|[from] item: Leftovers
|upkeep
|turn|39
|J|Vai Lusa ͜..
|choice|move thunder|move rockslide
|
|move|p1a: Raikou|Thunder|p2a: Tyranitar|[miss]
|-miss|p1a: Raikou|p2a: Tyranitar
|move|p2a: Tyranitar|Rock Slide|p1a: Raikou
|-damage|p1a: Raikou|222\/383
|
|-heal|p1a: Raikou|245\/383|[from] item: Leftovers
|upkeep
|turn|40
|J|Dec0de
|J|Benbe
|choice|move thunder|move rockslide
|
|move|p1a: Raikou|Thunder|p2a: Tyranitar
|-damage|p2a: Tyranitar|254\/403
|move|p2a: Tyranitar|Rock Slide|p1a: Raikou
|-damage|p1a: Raikou|174\/383
|
|-heal|p1a: Raikou|197\/383|[from] item: Leftovers
|-heal|p2a: Tyranitar|279\/403|[from] item: Leftovers
|upkeep
|turn|41
|choice|move thunder|switch 4
|
|switch|p2a: Snorlax|Snorlax, M|295\/523 par
|move|p1a: Raikou|Thunder|p2a: Snorlax
|-damage|p2a: Snorlax|158\/523 par
|
|-heal|p1a: Raikou|220\/383|[from] item: Leftovers
|-heal|p2a: Snorlax|190\/523 par|[from] item: Leftovers
|-sideend|p1: d0nut|Reflect
|upkeep
|turn|42
|J|ZoroDark
|choice|move reflect|move rest
|
|move|p1a: Raikou|Reflect|p1a: Raikou
|-sidestart|p1: d0nut|Reflect
|move|p2a: Snorlax|Rest|p2a: Snorlax
|-status|p2: Snorlax|slp
|-heal|p2a: Snorlax|523\/523 slp|[silent]
|-status|p2a: Snorlax|slp|[from] move: Rest
|
|-heal|p1a: Raikou|243\/383|[from] item: Leftovers
|upkeep
|turn|43
|choice|move roar|switch 4
|
|switch|p2a: Tyranitar|Tyranitar, M|279\/403
|move|p1a: Raikou|Roar|p2a: Tyranitar
|drag|p2a: Snorlax|Snorlax, M|523\/523 slp
|
|-heal|p1a: Raikou|266\/383|[from] item: Leftovers
|upkeep
|turn|44
|J|ChillShadow
|choice|switch 2|switch 4
|
|switch|p1a: Snorlax|Snorlax, M|523\/523
|switch|p2a: Tyranitar|Tyranitar, M|279\/403
|
|-heal|p2a: Tyranitar|304\/403|[from] item: Leftovers
|upkeep
|turn|45
|L|dogman551
|choice|move earthquake|switch 2
|
|switch|p2a: Raikou|Raikou|252\/383
|move|p1a: Snorlax|Earthquake|p2a: Raikou
|-supereffective|p2a: Raikou
|-damage|p2a: Raikou|40\/383
|
|-heal|p2a: Raikou|63\/383|[from] item: Leftovers
|upkeep
|turn|46
|choice|move earthquake|move reflect
|
|move|p2a: Raikou|Reflect|p2a: Raikou
|-sidestart|p2: giara ★_★|Reflect
|move|p1a: Snorlax|Earthquake|p2a: Raikou
|-supereffective|p2a: Raikou
|-damage|p2a: Raikou|0 fnt
|faint|p2a: Raikou
|choice||switch 6
|
|switch|p2a: sua mae|Kangaskhan, F|413\/413
|
|-sideend|p1: d0nut|Reflect
|upkeep
|turn|47
|L|Lusch
|choice|switch 2|move curse
|
|switch|p1a: Raikou|Raikou|266\/383
|move|p2a: sua mae|Curse|p2a: sua mae
|-unboost|p2a: sua mae|spe|1
|-boost|p2a: sua mae|atk|1
|-boost|p2a: sua mae|def|1
|
|-heal|p1a: Raikou|289\/383|[from] item: Leftovers
|upkeep
|turn|48
|J|Foggi キング
|L|teal6
|J|Zaettsu
|J|Lcans..
|choice|move reflect|move return
|
|move|p1a: Raikou|Reflect|p1a: Raikou
|-sidestart|p1: d0nut|Reflect
|move|p2a: sua mae|Return|p1a: Raikou
|-damage|p1a: Raikou|183\/383
|
|-heal|p1a: Raikou|206\/383|[from] item: Leftovers
|upkeep
|turn|49
|J|z0mOG
|choice|move thunder|move return
|
|move|p1a: Raikou|Thunder|p2a: sua mae
|-damage|p2a: sua mae|217\/413
|move|p2a: sua mae|Return|p1a: Raikou
|-damage|p1a: Raikou|109\/383
|
|-heal|p1a: Raikou|132\/383|[from] item: Leftovers
|-heal|p2a: sua mae|242\/413|[from] item: Leftovers
|upkeep
|turn|50
|J|mulgo✘izary
|J|starmaster
|L|starmaster
|choice|move thunder|move return
|
|move|p1a: Raikou|Thunder|p2a: sua mae
|-damage|p2a: sua mae|71\/413
|move|p2a: sua mae|Return|p1a: Raikou
|-damage|p1a: Raikou|26\/383
|
|-heal|p1a: Raikou|49\/383|[from] item: Leftovers
|-heal|p2a: sua mae|96\/413|[from] item: Leftovers
|-sideend|p2: giara ★_★|Reflect
|upkeep
|turn|51
|J|egalvanc
|J|Frexa ⚾
|J|craing
|L|Foggi キング
|J|Pearl キング
|J|Lusch
|L|marrano
|J|tko
|L|Vai Lusa ͜..
|choice|move thunder|switch 4
|
|switch|p2a: Snorlax|Snorlax, M|523\/523 slp
|move|p1a: Raikou|Thunder|p2a: Snorlax
|-damage|p2a: Snorlax|369\/523 slp
|
|-heal|p1a: Raikou|72\/383|[from] item: Leftovers
|-heal|p2a: Snorlax|401\/523 slp|[from] item: Leftovers
|upkeep
|turn|52
|choice|switch 2|switch 4
|
|switch|p1a: Snorlax|Snorlax, M|523\/523
|switch|p2a: sua mae|Kangaskhan, F|96\/413
|
|-heal|p2a: sua mae|121\/413|[from] item: Leftovers
|-sideend|p1: d0nut|Reflect
|upkeep
|turn|53
|J|bad ass
|choice|move bodyslam|switch 2
|
|switch|p2a: Tyranitar|Tyranitar, M|304\/403
|move|p1a: Snorlax|Body Slam|p2a: Tyranitar
|-crit|p2a: Tyranitar
|-resisted|p2a: Tyranitar
|-damage|p2a: Tyranitar|207\/403
|-status|p2a: Tyranitar|par
|
|-heal|p2a: Tyranitar|232\/403 par|[from] item: Leftovers
|upkeep
|turn|54
|J|starmaster
|choice|move earthquake|move roar
|
|move|p1a: Snorlax|Earthquake|p2a: Tyranitar
|-supereffective|p2a: Tyranitar
|-damage|p2a: Tyranitar|76\/403 par
|move|p2a: Tyranitar|Roar|p1a: Snorlax
|drag|p1a: Marowak|Marowak, M|50\/323
|
|-heal|p2a: Tyranitar|101\/403 par|[from] item: Leftovers
|upkeep
|turn|55
|J|madoka半糖主义
|choice|move rest|move fireblast
|
|move|p1a: Marowak|Rest|p1a: Marowak
|-status|p1: Marowak|slp
|-heal|p1a: Marowak|323\/323 slp|[silent]
|-status|p1a: Marowak|slp|[from] move: Rest
|move|p2a: Tyranitar|Fire Blast|p1a: Marowak
|-damage|p1a: Marowak|218\/323 slp
|
|-heal|p2a: Tyranitar|126\/403 par|[from] item: Leftovers
|upkeep
|turn|56
|J|Steve Angello
|choice|switch 4|switch 2
|
|switch|p1a: Snorlax|Snorlax, M|523\/523
|switch|p2a: sua mae|Kangaskhan, F|121\/413
|
|-heal|p2a: sua mae|146\/413|[from] item: Leftovers
|upkeep
|turn|57
|J|Bonita Apple
|choice|move bodyslam|switch 2
|
|switch|p2a: Tyranitar|Tyranitar, M|126\/403 par
|move|p1a: Snorlax|Body Slam|p2a: Tyranitar
|-resisted|p2a: Tyranitar
|-damage|p2a: Tyranitar|76\/403 par
|
|-heal|p2a: Tyranitar|101\/403 par|[from] item: Leftovers
|upkeep
|turn|58
|J|Azure Garden
|choice|move earthquake|move rockslide
|
|move|p1a: Snorlax|Earthquake|p2a: Tyranitar
|-supereffective|p2a: Tyranitar
|-damage|p2a: Tyranitar|0 fnt
|faint|p2a: Tyranitar
|choice||switch 2
|
|switch|p2a: sua mae|Kangaskhan, F|146\/413
|
|-heal|p2a: sua mae|171\/413|[from] item: Leftovers
|upkeep
|turn|59
|choice|move bodyslam|move curse
|
|move|p2a: sua mae|Curse|p2a: sua mae
|-unboost|p2a: sua mae|spe|1
|-boost|p2a: sua mae|atk|1
|-boost|p2a: sua mae|def|1
|move|p1a: Snorlax|Body Slam|p2a: sua mae
|-damage|p2a: sua mae|86\/413
|
|-heal|p2a: sua mae|111\/413|[from] item: Leftovers
|upkeep
|turn|60
|choice|move bodyslam|move substitute
|
|move|p2a: sua mae|Substitute|p2a: sua mae
|-start|p2a: sua mae|Substitute
|-damage|p2a: sua mae|8\/413
|move|p1a: Snorlax|Body Slam|p2a: sua mae
|-activate|p2a: sua mae|Substitute|[damage]
|
|-heal|p2a: sua mae|33\/413|[from] item: Leftovers
|upkeep
|turn|61
|choice|move bodyslam|move return
|
|move|p2a: sua mae|Return|p1a: Snorlax
|-crit|p1a: Snorlax
|-damage|p1a: Snorlax|65\/523
|move|p1a: Snorlax|Body Slam|p2a: sua mae
|-end|p2a: sua mae|Substitute
|
|-heal|p2a: sua mae|58\/413|[from] item: Leftovers
|-heal|p1a: Snorlax|97\/523|[from] item: Leftovers
|upkeep
|turn|62
|choice|switch 5|move return
|
|switch|p1a: Miltank|Miltank, F|393\/393
|move|p2a: sua mae|Return|p1a: Miltank
|-crit|p1a: Miltank
|-damage|p1a: Miltank|92\/393
|
|-heal|p1a: Miltank|116\/393|[from] item: Leftovers
|-heal|p2a: sua mae|83\/413|[from] item: Leftovers
|upkeep
|turn|63
|J|marrano
|L|starmaster
|L|marrano
|choice|move bodyslam|move curse
|
|move|p1a: Miltank|Body Slam|p2a: sua mae
|-damage|p2a: sua mae|19\/413
|move|p2a: sua mae|Curse|p2a: sua mae
|-unboost|p2a: sua mae|spe|1
|-boost|p2a: sua mae|atk|1
|-boost|p2a: sua mae|def|1
|
|-heal|p1a: Miltank|140\/393|[from] item: Leftovers
|-heal|p2a: sua mae|44\/413|[from] item: Leftovers
|upkeep
|turn|64
|J|weshbien
|L|Lcans..
|J|Christo
|J|Fish18
|L|Christo
|J|BerryIcedTea
|J|retent rettent
|J|ERZ竜
|J|Subject 18
|J|Exiline
|L|ERZ竜
|J|Dfmetal
|choice|move bodyslam|move return
|
|move|p1a: Miltank|Body Slam|p2a: sua mae
|-damage|p2a: sua mae|0 fnt
|faint|p2a: sua mae
|choice||switch 4
|
|switch|p2a: Snorlax|Snorlax, M|401\/523 slp
|
|-heal|p1a: Miltank|164\/393|[from] item: Leftovers
|-heal|p2a: Snorlax|433\/523 slp|[from] item: Leftovers
|upkeep
|turn|65
|choice|move milkdrink|move curse
|
|move|p1a: Miltank|Milk Drink|p1a: Miltank
|-heal|p1a: Miltank|361\/393
|cant|p2: Snorlax|slp
|
|-heal|p1a: Miltank|385\/393|[from] item: Leftovers
|-heal|p2a: Snorlax|465\/523 slp|[from] item: Leftovers
|upkeep
|turn|66
|choice|switch 6|move curse
|
|switch|p1a: Skarmory|Skarmory, M|228\/333
|cant|p2: Snorlax|slp
|
|-heal|p1a: Skarmory|248\/333|[from] item: Leftovers
|-heal|p2a: Snorlax|497\/523 slp|[from] item: Leftovers
|upkeep
|turn|67
|choice|move curse|move curse
|
|move|p1a: Skarmory|Curse|p1a: Skarmory
|-unboost|p1a: Skarmory|spe|1
|-boost|p1a: Skarmory|atk|1
|-boost|p1a: Skarmory|def|1
|-curestatus|p2a: Snorlax|slp|[msg]
|move|p2a: Snorlax|Curse|p2a: Snorlax
|-unboost|p2a: Snorlax|spe|1
|-boost|p2a: Snorlax|atk|1
|-boost|p2a: Snorlax|def|1
|
|-heal|p1a: Skarmory|268\/333|[from] item: Leftovers
|-heal|p2a: Snorlax|523\/523|[from] item: Leftovers
|upkeep
|turn|68
|choice|move curse|move curse
|
|move|p1a: Skarmory|Curse|p1a: Skarmory
|-unboost|p1a: Skarmory|spe|1
|-boost|p1a: Skarmory|atk|1
|-boost|p1a: Skarmory|def|1
|move|p2a: Snorlax|Curse|p2a: Snorlax
|-unboost|p2a: Snorlax|spe|1
|-boost|p2a: Snorlax|atk|1
|-boost|p2a: Snorlax|def|1
|
|-heal|p1a: Skarmory|288\/333|[from] item: Leftovers
|upkeep
|turn|69
|choice|move curse|move curse
|
|move|p1a: Skarmory|Curse|p1a: Skarmory
|-unboost|p1a: Skarmory|spe|1
|-boost|p1a: Skarmory|atk|1
|-boost|p1a: Skarmory|def|1
|move|p2a: Snorlax|Curse|p2a: Snorlax
|-unboost|p2a: Snorlax|spe|1
|-boost|p2a: Snorlax|atk|1
|-boost|p2a: Snorlax|def|1
|
|-heal|p1a: Skarmory|308\/333|[from] item: Leftovers
|upkeep
|turn|70
|L|egalvanc
|choice|move curse|move curse
|
|move|p1a: Skarmory|Curse|p1a: Skarmory
|-unboost|p1a: Skarmory|spe|1
|-boost|p1a: Skarmory|atk|1
|-boost|p1a: Skarmory|def|1
|move|p2a: Snorlax|Curse|p2a: Snorlax
|-unboost|p2a: Snorlax|spe|1
|-boost|p2a: Snorlax|atk|1
|-boost|p2a: Snorlax|def|1
|
|-heal|p1a: Skarmory|328\/333|[from] item: Leftovers
|upkeep
|turn|71
|J|arm9
|choice|move curse|move curse
|
|move|p1a: Skarmory|Curse|p1a: Skarmory
|-unboost|p1a: Skarmory|spe|1
|-boost|p1a: Skarmory|atk|1
|-boost|p1a: Skarmory|def|1
|move|p2a: Snorlax|Curse|p2a: Snorlax
|-unboost|p2a: Snorlax|spe|1
|-boost|p2a: Snorlax|atk|1
|-boost|p2a: Snorlax|def|1
|
|-heal|p1a: Skarmory|333\/333|[from] item: Leftovers
|upkeep
|turn|72
|choice|move curse|move curse
|
|move|p1a: Skarmory|Curse|p1a: Skarmory
|-unboost|p1a: Skarmory|spe|1
|-boost|p1a: Skarmory|atk|1
|-boost|p1a: Skarmory|def|1
|move|p2a: Snorlax|Curse|p2a: Snorlax
|-unboost|p2a: Snorlax|spe|1
|-boost|p2a: Snorlax|atk|1
|-boost|p2a: Snorlax|def|1
|
|upkeep
|turn|73
|choice|move drillpeck|move doubleedge
|
|move|p1a: Skarmory|Drill Peck|p2a: Snorlax
|-damage|p2a: Snorlax|413\/523
|move|p2a: Snorlax|Double-Edge|p1a: Skarmory
|-resisted|p1a: Skarmory
|-damage|p1a: Skarmory|263\/333
|-damage|p2a: Snorlax|396\/523|[from] recoil|[of] p1a: Skarmory
|
|-heal|p1a: Skarmory|283\/333|[from] item: Leftovers
|-heal|p2a: Snorlax|428\/523|[from] item: Leftovers
|upkeep
|turn|74
|choice|move drillpeck|move doubleedge
|
|move|p1a: Skarmory|Drill Peck|p2a: Snorlax
|-damage|p2a: Snorlax|331\/523
|move|p2a: Snorlax|Double-Edge|p1a: Skarmory
|-resisted|p1a: Skarmory
|-damage|p1a: Skarmory|218\/333
|-damage|p2a: Snorlax|315\/523|[from] recoil|[of] p1a: Skarmory
|
|-heal|p1a: Skarmory|238\/333|[from] item: Leftovers
|-heal|p2a: Snorlax|347\/523|[from] item: Leftovers
|upkeep
|turn|75
|choice|move drillpeck|move doubleedge
|
|move|p1a: Skarmory|Drill Peck|p2a: Snorlax
|-damage|p2a: Snorlax|235\/523
|move|p2a: Snorlax|Double-Edge|p1a: Skarmory
|-resisted|p1a: Skarmory
|-damage|p1a: Skarmory|165\/333
|-damage|p2a: Snorlax|217\/523|[from] recoil|[of] p1a: Skarmory
|
|-heal|p1a: Skarmory|185\/333|[from] item: Leftovers
|-heal|p2a: Snorlax|249\/523|[from] item: Leftovers
|upkeep
|turn|76
|choice|move rest|move doubleedge
|
|move|p1a: Skarmory|Rest|p1a: Skarmory
|-status|p1: Skarmory|slp
|-heal|p1a: Skarmory|333\/333 slp|[silent]
|-status|p1a: Skarmory|slp|[from] move: Rest
|move|p2a: Snorlax|Double-Edge|p1a: Skarmory
|-resisted|p1a: Skarmory
|-damage|p1a: Skarmory|265\/333 slp
|-damage|p2a: Snorlax|232\/523|[from] recoil|[of] p1a: Skarmory
|
|-heal|p1a: Skarmory|285\/333 slp|[from] item: Leftovers
|-heal|p2a: Snorlax|264\/523|[from] item: Leftovers
|upkeep
|turn|77
|L|Ict
|choice|move drillpeck|move doubleedge
|
|cant|p1: Skarmory|slp
|move|p2a: Snorlax|Double-Edge|p1a: Skarmory
|-resisted|p1a: Skarmory
|-damage|p1a: Skarmory|211\/333 slp
|-damage|p2a: Snorlax|246\/523|[from] recoil|[of] p1a: Skarmory
|
|-heal|p1a: Skarmory|231\/333 slp|[from] item: Leftovers
|-heal|p2a: Snorlax|278\/523|[from] item: Leftovers
|upkeep
|turn|78
|J|6ti
|choice|move drillpeck|move doubleedge
|
|cant|p1: Skarmory|slp
|move|p2a: Snorlax|Double-Edge|p1a: Skarmory
|-resisted|p1a: Skarmory
|-damage|p1a: Skarmory|158\/333 slp
|-damage|p2a: Snorlax|260\/523|[from] recoil|[of] p1a: Skarmory
|
|-heal|p1a: Skarmory|178\/333 slp|[from] item: Leftovers
|-heal|p2a: Snorlax|292\/523|[from] item: Leftovers
|upkeep
|turn|79
|choice|move rest|move doubleedge
|
|-curestatus|p1a: Skarmory|slp|[msg]
|move|p1a: Skarmory|Rest|p1a: Skarmory
|-status|p1: Skarmory|slp
|-heal|p1a: Skarmory|333\/333 slp|[silent]
|-status|p1a: Skarmory|slp|[from] move: Rest
|move|p2a: Snorlax|Double-Edge|p1a: Skarmory
|-resisted|p1a: Skarmory
|-damage|p1a: Skarmory|269\/333 slp
|-damage|p2a: Snorlax|276\/523|[from] recoil|[of] p1a: Skarmory
|
|-heal|p1a: Skarmory|289\/333 slp|[from] item: Leftovers
|-heal|p2a: Snorlax|308\/523|[from] item: Leftovers
|upkeep
|turn|80
|choice|move drillpeck|move doubleedge
|
|cant|p1: Skarmory|slp
|move|p2a: Snorlax|Double-Edge|p1a: Skarmory
|-crit|p1a: Skarmory
|-resisted|p1a: Skarmory
|-damage|p1a: Skarmory|174\/333 slp
|-damage|p2a: Snorlax|280\/523|[from] recoil|[of] p1a: Skarmory
|
|-heal|p1a: Skarmory|194\/333 slp|[from] item: Leftovers
|-heal|p2a: Snorlax|312\/523|[from] item: Leftovers
|upkeep
|turn|81
|choice|move drillpeck|move doubleedge
|
|cant|p1: Skarmory|slp
|move|p2a: Snorlax|Double-Edge|p1a: Skarmory
|-crit|p1a: Skarmory
|-resisted|p1a: Skarmory
|-damage|p1a: Skarmory|85\/333 slp
|-damage|p2a: Snorlax|285\/523|[from] recoil|[of] p1a: Skarmory
|
|-heal|p1a: Skarmory|105\/333 slp|[from] item: Leftovers
|-heal|p2a: Snorlax|317\/523|[from] item: Leftovers
|upkeep
|turn|82
|J|ERZ竜
|choice|move rest|move doubleedge
|
|-curestatus|p1a: Skarmory|slp|[msg]
|move|p1a: Skarmory|Rest|p1a: Skarmory
|-status|p1: Skarmory|slp
|-heal|p1a: Skarmory|333\/333 slp|[silent]
|-status|p1a: Skarmory|slp|[from] move: Rest
|move|p2a: Snorlax|Double-Edge|p1a: Skarmory
|-resisted|p1a: Skarmory
|-damage|p1a: Skarmory|262\/333 slp
|-damage|p2a: Snorlax|300\/523|[from] recoil|[of] p1a: Skarmory
|
|-heal|p1a: Skarmory|282\/333 slp|[from] item: Leftovers
|-heal|p2a: Snorlax|332\/523|[from] item: Leftovers
|upkeep
|turn|83
|J|Ict
|L|Steve Angello
|J|Foggi キング
|choice|move drillpeck|move doubleedge
|
|cant|p1: Skarmory|slp
|move|p2a: Snorlax|Double-Edge|p1a: Skarmory
|-resisted|p1a: Skarmory
|-damage|p1a: Skarmory|213\/333 slp
|-damage|p2a: Snorlax|315\/523|[from] recoil|[of] p1a: Skarmory
|
|-heal|p1a: Skarmory|233\/333 slp|[from] item: Leftovers
|-heal|p2a: Snorlax|347\/523|[from] item: Leftovers
|upkeep
|turn|84
|J|Vubon
|choice|move rest|move doubleedge
|
|cant|p1: Skarmory|slp
|move|p2a: Snorlax|Double-Edge|p1a: Skarmory
|-resisted|p1a: Skarmory
|-damage|p1a: Skarmory|166\/333 slp
|-damage|p2a: Snorlax|331\/523|[from] recoil|[of] p1a: Skarmory
|
|-heal|p1a: Skarmory|186\/333 slp|[from] item: Leftovers
|-heal|p2a: Snorlax|363\/523|[from] item: Leftovers
|upkeep
|turn|85
|choice|move rest|move doubleedge
|
|-curestatus|p1a: Skarmory|slp|[msg]
|move|p1a: Skarmory|Rest|p1a: Skarmory
|-status|p1: Skarmory|slp
|-heal|p1a: Skarmory|333\/333 slp|[silent]
|-status|p1a: Skarmory|slp|[from] move: Rest
|move|p2a: Snorlax|Double-Edge|p1a: Skarmory
|-resisted|p1a: Skarmory
|-damage|p1a: Skarmory|259\/333 slp
|-damage|p2a: Snorlax|345\/523|[from] recoil|[of] p1a: Skarmory
|
|-heal|p1a: Skarmory|279\/333 slp|[from] item: Leftovers
|-heal|p2a: Snorlax|377\/523|[from] item: Leftovers
|upkeep
|turn|86
|choice|move rest|move doubleedge
|
|cant|p1: Skarmory|slp
|move|p2a: Snorlax|Double-Edge|p1a: Skarmory
|-resisted|p1a: Skarmory
|-damage|p1a: Skarmory|215\/333 slp
|-damage|p2a: Snorlax|361\/523|[from] recoil|[of] p1a: Skarmory
|
|-heal|p1a: Skarmory|235\/333 slp|[from] item: Leftovers
|-heal|p2a: Snorlax|393\/523|[from] item: Leftovers
|upkeep
|turn|87
|L|Azure Garden
|choice|move rest|move doubleedge
|
|cant|p1: Skarmory|slp
|move|p2a: Snorlax|Double-Edge|p1a: Skarmory
|-resisted|p1a: Skarmory
|-damage|p1a: Skarmory|165\/333 slp
|-damage|p2a: Snorlax|376\/523|[from] recoil|[of] p1a: Skarmory
|
|-heal|p1a: Skarmory|185\/333 slp|[from] item: Leftovers
|-heal|p2a: Snorlax|408\/523|[from] item: Leftovers
|upkeep
|turn|88
|choice|move rest|move doubleedge
|
|-curestatus|p1a: Skarmory|slp|[msg]
|move|p1a: Skarmory|Rest|p1a: Skarmory
|-status|p1: Skarmory|slp
|-heal|p1a: Skarmory|333\/333 slp|[silent]
|-status|p1a: Skarmory|slp|[from] move: Rest
|move|p2a: Snorlax|Double-Edge|p1a: Skarmory
|-resisted|p1a: Skarmory
|-damage|p1a: Skarmory|268\/333 slp
|-damage|p2a: Snorlax|392\/523|[from] recoil|[of] p1a: Skarmory
|
|-heal|p1a: Skarmory|288\/333 slp|[from] item: Leftovers
|-heal|p2a: Snorlax|424\/523|[from] item: Leftovers
|upkeep
|turn|89
|choice|move rest|move doubleedge
|
|cant|p1: Skarmory|slp
|move|p2a: Snorlax|Double-Edge|p1a: Skarmory
|-resisted|p1a: Skarmory
|-damage|p1a: Skarmory|224\/333 slp
|-damage|p2a: Snorlax|408\/523|[from] recoil|[of] p1a: Skarmory
|
|-heal|p1a: Skarmory|244\/333 slp|[from] item: Leftovers
|-heal|p2a: Snorlax|440\/523|[from] item: Leftovers
|upkeep
|turn|90
|c|★giara ★_★|gg
|-message|giara ★_★ forfeited.
|
|win|d0nut
|player|p1
|player|p2
|c|★d0nut|gg
|L|Syl♥ie Lyyneheym
|L|reyscarface
|L|tamahome
|L|Finding True Love
|L|ZoroDark
|L|Corazan
|L|TheThorn
|L|Texas Cloverleaf
|L|d0nut
|L|Dfmetal
|L|LJDarkrai ☯♆
|L|Ciele
|L|Mr.378
|L|memeflict
|L|Baganha
|L|miltankmilk
|L|Tony
|L|dogman552
|L|schnee vong estern
|L|SamVGC ✿
|L|hamhamhamham
|L|madoka半糖主义
|L|auburn skies
|L|FINCHINATOR
|L|retent rettent
|L|Foggi キング
|L|giara ★_★
|L|Mazary
|L|urban
|L|weshbien
|L|Fakkesi
|L|choolio iglesias
|L|ABR
|L|Ict
|L|Vubon
|J|tamahome
|L|craing
|L|Benbe
|L|mulgo✘izary
|L|Updated Kanto
|L|Pearl キング
|L|zf
|L|GOAO
|L|rawr arcanine
|L|Frexa ⚾
|J|Pleasure
|L|Bonita Apple</script>
</div>
<div class="battle-log battle-log-inline"><div class="inner"><div class="battle-options"></div><div class="inner"><div class="chat message-error">Battle timer is ON: inactive players will automatically lose when time's up.</div><div class=""><small>Format:</small> <br><strong>[Gen 2] OU</strong></div><div class=""><small><em>Sleep Clause Mod:</em> Limit one foe put to sleep</small></div><div class=""><small><em>Species Clause:</em> Limit one of each Pokémon</small></div><div class=""><small><em>OHKO Clause:</em> OHKO moves are banned</small></div><div class=""><small><em>Evasion Moves Clause:</em> Evasion moves are banned</small></div><div class=""><small><em>HP Percentage Mod:</em> HP is shown in percentages</small></div><div class="spacer battle-history"><br></div><div class="battle-history">Battle started between d0nut and giara ★_★!<br></div><div class="spacer battle-history"><br></div><div class="battle-history">Go! <strong>Raikou</strong>!<br></div><div class="spacer battle-history"><br></div><div class="battle-history">giara ★_★ sent out <strong>Snorlax</strong>!<br></div><div class="spacer battle-history"><br></div><h2 class="battle-history">Turn 1</h2><div class="chat chatmessage-finchinator"><strong style="color:#4754e6"><small>+</small><span class="username" data-name="FINCHINATOR">FINCHINATOR</span>:</strong> <em>-</em></div><div class="chat chatmessage-corazan"><strong style="color:#ae1e99"><small>+</small><span class="username" data-name="Corazan">Corazan</span>:</strong> <em>in</em></div><div class="chat chatmessage-giara"><strong style="color:#c43694"><small>★</small><span class="username" data-name="giara ★_★">giara ★_★</span>:</strong> <em>gl hf</em></div><div class="chat chatmessage-empo"><strong style="color:#8b7335"><small>+</small><span class="username" data-name="Empo">Empo</span>:</strong> <em>d zero nut</em></div><div class="chat chatmessage-mazary"><strong style="color:#da142f"><small>+</small><span class="username" data-name="Mazary">Mazary</span>:</strong> <em>gooo gignac</em></div><div class="spacer battle-history"><br></div><div class="battle-history">Raikou used <strong>Reflect</strong>!<br></div><div class="battle-history"><small>Reflect made your team stronger against physical moves!</small><br></div><div class="spacer battle-history"><br></div><div class="battle-history">The opposing Snorlax used <strong>Double-Edge</strong>!<br></div><div class="battle-history"><small>(Raikou lost <abbr title="−87/383">22.7%</abbr> of its health!)</small><br></div><div class="battle-history"><small>The opposing Snorlax was damaged by the recoil!</small><br></div><div class="spacer battle-history"><br></div><div class="battle-history"><small>Raikou restored a little HP using its Leftovers!</small><br></div><div class="battle-history"><small>The opposing Snorlax restored a little HP using its Leftovers!</small><br></div><div class="spacer battle-history"><br></div><h2 class="battle-history">Turn 2</h2><div class="chat chatmessage-mazary"><strong style="color:#da142f"><small>+</small><span class="username" data-name="Mazary">Mazary</span>:</strong> <em><b>vamos tigres</b></em></div><div class="chat chatmessage-finchinator"><strong style="color:#4754e6"><small>+</small><span class="username" data-name="FINCHINATOR">FINCHINATOR</span>:</strong> <em><b>d0nut</b></em></div><div class="spacer battle-history"><br></div><div class="battle-history">Raikou, come back!<br></div><div class="battle-history">Go! <strong>Skarmory</strong>!<br></div><div class="spacer battle-history"><br></div><div class="battle-history">The opposing Snorlax used <strong>Double-Edge</strong>!<br></div><div class="battle-history"><small>It's not very effective...</small><br></div><div class="battle-history"><small>(Skarmory lost <abbr title="−28/333">8.4%</abbr> of its health!)</small><br></div><div class="battle-history"><small>The opposing Snorlax was damaged by the recoil!</small><br></div><div class="spacer battle-history"><br></div><div class="battle-history"><small>Skarmory restored a little HP using its Leftovers!</small><br></div><div class="battle-history"><small>The opposing Snorlax restored a little HP using its Leftovers!</small><br></div><div class="spacer battle-history"><br></div><h2 class="battle-history">Turn 3</h2><div class="spacer battle-history"><br></div><div class="battle-history">giara ★_★ withdrew Snorlax!<br></div><div class="battle-history">giara ★_★ sent out <strong>Cloyster</strong>!<br></div><div class="spacer battle-history"><br></div><div class="battle-history">Skarmory used <strong>Whirlwind</strong>!<br></div><div class="spacer battle-history"><br></div><div class="battle-history"><strong>Raikou</strong> was dragged out!<br></div><div class="spacer battle-history"><br></div><div class="battle-history"><small>Skarmory restored a little HP using its Leftovers!</small><br></div><div class="spacer battle-history"><br></div><h2 class="battle-history">Turn 4</h2><div class="chat chatmessage-mazary"><strong style="color:#da142f"><small>+</small><span class="username" data-name="Mazary">Mazary</span>:</strong> <em>#finchtour23</em></div><div class="spacer battle-history"><br></div><div class="battle-history">Skarmory, come back!<br></div><div class="battle-history">Go! <strong>Raikou</strong>!<br></div><div class="spacer battle-history"><br></div><div class="battle-history">The opposing Raikou used <strong>Roar</strong>!<br></div><div class="spacer battle-history"><br></div><div class="battle-history"><strong>Miltank</strong> was dragged out!<br></div><div class="spacer battle-history"><br></div><h2 class="battle-history">Turn 5</h2><div class="chat chatmessage-shoka"><strong style="color:#ba31bf"><small>+</small><span class="username" data-name="Shoka">Shoka</span>:</strong> <em>allez giara !</em></div><div class="spacer battle-history"><br></div><div class="battle-history">Miltank, come back!<br></div><div class="battle-history">Go! <strong>Raikou</strong>!<br></div><div class="spacer battle-history"><br></div><div class="battle-history">The opposing Raikou used <strong>Thunder</strong>!<br></div><div class="battle-history"><small>It's not very effective...</small><br></div><div class="battle-history"><small>(Raikou lost <abbr title="−83/383">21.7%</abbr> of its health!)</small><br></div><div class="spacer battle-history"><br></div><div class="battle-history"><small>Raikou restored a little HP using its Leftovers!</small><br></div><div class="battle-history"><small>Your team's Reflect wore off!</small><br></div><div class="spacer battle-history"><br></div><h2 class="battle-history">Turn 6</h2><div class="spacer battle-history"><br></div><div class="battle-history">Raikou used <strong>Thunder</strong>!<br></div><div class="battle-history"><small>The opposing Raikou avoided the attack!</small><br></div><div class="spacer battle-history"><br></div><div class="battle-history">The opposing Raikou used <strong>Roar</strong>!<br></div><div class="spacer battle-history"><br></div><div class="battle-history"><strong>Skarmory</strong> was dragged out!<br></div><div class="spacer battle-history"><br></div><h2 class="battle-history">Turn 7</h2><div class="spacer battle-history"><br></div><div class="battle-history">giara ★_★ withdrew Raikou!<br></div><div class="battle-history">giara ★_★ sent out <strong>Snorlax</strong>!<br></div><div class="spacer battle-history"><br></div><div class="battle-history">Skarmory, come back!<br></div><div class="battle-history">Go! <strong>Raikou</strong>!<br></div><div class="spacer battle-history"><br></div><div class="battle-history"><small>Raikou restored a little HP using its Leftovers!</small><br></div><div class="spacer battle-history"><br></div><h2 class="battle-history">Turn 8</h2><div class="spacer battle-history"><br></div><div class="battle-history">Raikou, come back!<br></div><div class="battle-history">Go! <strong>Skarmory</strong>!<br></div><div class="spacer battle-history"><br></div><div class="battle-history">The opposing Snorlax used <strong>Double-Edge</strong>!<br></div><div class="battle-history"><small>It's not very effective...</small><br></div><div class="battle-history"><small>(Skarmory lost <abbr title="−57/333">17.1%</abbr> of its health!)</small><br></div><div class="battle-history"><small>The opposing Snorlax was damaged by the recoil!</small><br></div><div class="spacer battle-history"><br></div><div class="battle-history"><small>Skarmory restored a little HP using its Leftovers!</small><br></div><div class="battle-history"><small>The opposing Snorlax restored a little HP using its Leftovers!</small><br></div><div class="spacer battle-history"><br></div><h2 class="battle-history">Turn 9</h2><div class="spacer battle-history"><br></div><div class="battle-history">The opposing Snorlax used <strong>Double-Edge</strong>!<br></div><div class="battle-history"><small>It's not very effective...</small><br></div><div class="battle-history"><small>(Skarmory lost <abbr title="−56/333">16.8%</abbr> of its health!)</small><br></div><div class="battle-history"><small>The opposing Snorlax was damaged by the recoil!</small><br></div><div class="spacer battle-history"><br></div><div class="battle-history">Skarmory used <strong>Whirlwind</strong>!<br></div><div class="spacer battle-history"><br></div><div class="battle-history"><strong>Zapdos</strong> was dragged out!<br></div><div class="spacer battle-history"><br></div><div class="battle-history"><small>Skarmory restored a little HP using its Leftovers!</small><br></div><div class="spacer battle-history"><br></div><h2 class="battle-history">Turn 10</h2><div class="spacer battle-history"><br></div><div class="battle-history">giara ★_★ withdrew Zapdos!<br></div><div class="battle-history">giara ★_★ sent out <strong>Snorlax</strong>!<br></div><div class="spacer battle-history"><br></div><div class="battle-history">Skarmory, come back!<br></div><div class="battle-history">Go! <strong>Raikou</strong>!<br></div><div class="spacer battle-history"><br></div><div class="battle-history"><small>Raikou restored a little HP using its Leftovers!</small><br></div><div class="battle-history"><small>The opposing Snorlax restored a little HP using its Leftovers!</small><br></div><div class="spacer battle-history"><br></div><h2 class="battle-history">Turn 11</h2><div class="chat chatmessage-soulgazer"><strong style="color:#8a8a38"><small>+</small><span class="username" data-name="soulgazer">soulgazer</span>:</strong> <em>allez giara</em></div><div class="spacer battle-history"><br></div><div class="battle-history">Raikou, come back!<br></div><div class="battle-history">Go! <strong>Skarmory</strong>!<br></div><div class="spacer battle-history"><br></div><div class="battle-history">The opposing Snorlax used <strong>Double-Edge</strong>!<br></div><div class="battle-history"><small>It's not very effective...</small><br></div><div class="battle-history"><small>(Skarmory lost <abbr title="−55/333">16.5%</abbr> of its health!)</small><br></div><div class="battle-history"><small>The opposing Snorlax was damaged by the recoil!</small><br></div><div class="spacer battle-history"><br></div><div class="battle-history"><small>Skarmory restored a little HP using its Leftovers!</small><br></div><div class="battle-history"><small>The opposing Snorlax restored a little HP using its Leftovers!</small><br></div><div class="spacer battle-history"><br></div><h2 class="battle-history">Turn 12</h2><div class="spacer battle-history"><br></div><div class="battle-history">giara ★_★ withdrew Snorlax!<br></div><div class="battle-history">giara ★_★ sent out <strong>Cloyster</strong>!<br></div><div class="spacer battle-history"><br></div><div class="battle-history">Skarmory used <strong>Whirlwind</strong>!<br></div><div class="spacer battle-history"><br></div><div class="battle-history"><strong>Snorlax</strong> was dragged out!<br></div><div class="spacer battle-history"><br></div><div class="battle-history"><small>Skarmory restored a little HP using its Leftovers!</small><br></div><div class="spacer battle-history"><br></div><h2 class="battle-history">Turn 13</h2><div class="spacer battle-history"><br></div><div class="battle-history">The opposing Snorlax used <strong>Double-Edge</strong>!<br></div><div class="battle-history"><small>It's not very effective...</small><br></div><div class="battle-history"><small>(Skarmory lost <abbr title="−57/333">17.1%</abbr> of its health!)</small><br></div><div class="battle-history"><small>The opposing Snorlax was damaged by the recoil!</small><br></div><div class="spacer battle-history"><br></div><div class="battle-history">Skarmory used <strong>Whirlwind</strong>!<br></div><div class="spacer battle-history"><br></div><div class="battle-history"><strong>Raikou</strong> was dragged out!<br></div><div class="spacer battle-history"><br></div><div class="battle-history"><small>Skarmory restored a little HP using its Leftovers!</small><br></div><div class="spacer battle-history"><br></div><h2 class="battle-history">Turn 14</h2><div class="spacer battle-history"><br></div><div class="battle-history">giara ★_★ withdrew Raikou!<br></div><div class="battle-history">giara ★_★ sent out <strong>Snorlax</strong>!<br></div><div class="spacer battle-history"><br></div><div class="battle-history">Skarmory, come back!<br></div><div class="battle-history">Go! <strong>Marowak</strong>!<br></div><div class="spacer battle-history"><br></div><div class="battle-history"><small>The opposing Snorlax restored a little HP using its Leftovers!</small><br></div><div class="spacer battle-history"><br></div><h2 class="battle-history">Turn 15</h2><div class="spacer battle-history"><br></div><div class="battle-history">Marowak used <strong>Earthquake</strong>!<br></div><div class="battle-history"><small>(The opposing Snorlax lost <abbr title="−259/523">49.5%</abbr> of its health!)</small><br></div><div class="spacer battle-history"><br></div><div class="battle-history">The opposing Snorlax used <strong>Double-Edge</strong>!<br></div><div class="battle-history"><small>(Marowak lost <abbr title="−134/323">41.5%</abbr> of its health!)</small><br></div><div class="battle-history"><small>The opposing Snorlax was damaged by the recoil!</small><br></div><div class="spacer battle-history"><br></div><div class="battle-history"><small>The opposing Snorlax restored a little HP using its Leftovers!</small><br></div><div class="spacer battle-history"><br></div><h2 class="battle-history">Turn 16</h2><div class="chat"><div class="broadcast-red"><b>Moderated chat was set to @!</b><br>Only users of rank @ and higher can talk.</div></div><div class="spacer battle-history"><br></div><div class="battle-history">giara ★_★ withdrew Snorlax!<br></div><div class="battle-history">giara ★_★ sent out <strong>Cloyster</strong>!<br></div><div class="spacer battle-history"><br></div><div class="battle-history">Marowak used <strong>Earthquake</strong>!<br></div><div class="battle-history"><small>(The opposing Cloyster lost <abbr title="−133/303">43.9%</abbr> of its health!)</small><br></div><div class="spacer battle-history"><br></div><div class="battle-history"><small>The opposing Cloyster restored a little HP using its Leftovers!</small><br></div><div class="spacer battle-history"><br></div><h2 class="battle-history">Turn 17</h2><div class="spacer battle-history"><br></div><div class="battle-history">Marowak, come back!<br></div><div class="battle-history">Go! <strong>Starmie</strong>!<br></div><div class="spacer battle-history"><br></div><div class="battle-history">The opposing Cloyster used <strong>Spikes</strong>!<br></div><div class="battle-history"><small>Spikes were scattered on the ground all around your team!</small><br></div><div class="spacer battle-history"><br></div><div class="battle-history"><small>The opposing Cloyster restored a little HP using its Leftovers!</small><br></div><div class="spacer battle-history"><br></div><h2 class="battle-history">Turn 18</h2><div class="spacer battle-history"><br></div><div class="battle-history">Starmie used <strong>Rapid Spin</strong>!<br></div><div class="battle-history"><small>(The opposing Cloyster lost <abbr title="−9/303">3.0%</abbr> of its health!)</small><br></div><div class="battle-history"><small>The spikes disappeared from the ground around your team!</small><br></div><div class="spacer battle-history"><br></div><div class="battle-history">The opposing Cloyster used <strong>Toxic</strong>!<br></div><div class="battle-history"><small>Starmie was badly poisoned!</small><br></div><div class="spacer battle-history"><br></div><div class="battle-history"><small>The opposing Cloyster restored a little HP using its Leftovers!</small><br></div><div class="spacer battle-history"><br></div><h2 class="battle-history">Turn 19</h2><div class="spacer battle-history"><br></div><div class="battle-history">giara ★_★ withdrew Cloyster!<br></div><div class="battle-history">giara ★_★ sent out <strong>Snorlax</strong>!<br></div><div class="spacer battle-history"><br></div><div class="battle-history">Starmie used <strong>Thunder Wave</strong>!<br></div><div class="battle-history"><small>The opposing Snorlax is paralyzed! It may be unable to move!</small><br></div><div class="battle-history"><small>Starmie was hurt by poison!</small><br></div><div class="spacer battle-history"><br></div><div class="battle-history"><small>Starmie restored a little HP using its Leftovers!</small><br></div><div class="battle-history"><small>The opposing Snorlax restored a little HP using its Leftovers!</small><br></div><div class="spacer battle-history"><br></div><h2 class="battle-history">Turn 20</h2><div class="spacer battle-history"><br></div><div class="battle-history">Starmie, come back!<br></div><div class="battle-history">Go! <strong>Skarmory</strong>!<br></div><div class="spacer battle-history"><br></div><div class="battle-history">giara ★_★ withdrew Snorlax!<br></div><div class="battle-history">giara ★_★ sent out <strong>Cloyster</strong>!<br></div><div class="spacer battle-history"><br></div><div class="battle-history"><small>The opposing Cloyster restored a little HP using its Leftovers!</small><br></div><div class="battle-history"><small>Skarmory restored a little HP using its Leftovers!</small><br></div><div class="spacer battle-history"><br></div><h2 class="battle-history">Turn 21</h2><div class="spacer battle-history"><br></div><div class="battle-history">Skarmory, come back!<br></div><div class="battle-history">Go! <strong>Starmie</strong>!<br></div><div class="battle-history"><small>Starmie was poisoned!</small><br></div><div class="battle-history"><small>Starmie was hurt by poison!</small><br></div><div class="spacer battle-history"><br></div><div class="battle-history">The opposing Cloyster used <strong>Spikes</strong>!<br></div><div class="battle-history"><small>Spikes were scattered on the ground all around your team!</small><br></div><div class="spacer battle-history"><br></div><div class="battle-history"><small>Starmie restored a little HP using its Leftovers!</small><br></div><div class="battle-history"><small>The opposing Cloyster restored a little HP using its Leftovers!</small><br></div><div class="spacer battle-history"><br></div><h2 class="battle-history">Turn 22</h2><div class="spacer battle-history"><br></div><div class="battle-history">Starmie used <strong>Rapid Spin</strong>!<br></div><div class="battle-history"><small>(The opposing Cloyster lost <abbr title="−10/303">3.3%</abbr> of its health!)</small><br></div><div class="battle-history"><small>The spikes disappeared from the ground around your team!</small><br></div><div class="battle-history"><small>Starmie was hurt by poison!</small><br></div><div class="spacer battle-history"><br></div><div class="battle-history">The opposing Cloyster used <strong>Spikes</strong>!<br></div><div class="battle-history"><small>Spikes were scattered on the ground all around your team!</small><br></div><div class="spacer battle-history"><br></div><div class="battle-history"><small>Starmie restored a little HP using its Leftovers!</small><br></div><div class="battle-history"><small>The opposing Cloyster restored a little HP using its Leftovers!</small><br></div><div class="spacer battle-history"><br></div><h2 class="battle-history">Turn 23</h2><div class="spacer battle-history"><br></div><div class="battle-history">giara ★_★ withdrew Cloyster!<br></div><div class="battle-history">giara ★_★ sent out <strong>Raikou</strong>!<br></div><div class="spacer battle-history"><br></div><div class="battle-history">Starmie used <strong>Rapid Spin</strong>!<br></div><div class="battle-history"><small>(The opposing Raikou lost <abbr title="−17/383">4.4%</abbr> of its health!)</small><br></div><div class="battle-history"><small>The spikes disappeared from the ground around your team!</small><br></div><div class="battle-history"><small>Starmie was hurt by poison!</small><br></div><div class="spacer battle-history"><br></div><div class="battle-history"><small>The opposing Raikou restored a little HP using its Leftovers!</small><br></div><div class="battle-history"><small>Starmie restored a little HP using its Leftovers!</small><br></div><div class="spacer battle-history"><br></div><h2 class="battle-history">Turn 24</h2><div class="spacer battle-history"><br></div><div class="battle-history">Starmie, come back!<br></div><div class="battle-history">Go! <strong>Snorlax</strong>!<br></div><div class="spacer battle-history"><br></div><div class="battle-history">The opposing Raikou used <strong>Thunder</strong>!<br></div><div class="battle-history"><small>Snorlax avoided the attack!</small><br></div><div class="spacer battle-history"><br></div><h2 class="battle-history">Turn 25</h2><div class="spacer battle-history"><br></div><div class="battle-history">The opposing Raikou used <strong>Reflect</strong>!<br></div><div class="battle-history"><small>Reflect made the opposing team stronger against physical moves!</small><br></div><div class="spacer battle-history"><br></div><div class="battle-history">Snorlax used <strong>Body Slam</strong>!<br></div><div class="battle-history"><small>(The opposing Raikou lost <abbr title="−67/383">17.5%</abbr> of its health!)</small><br></div><div class="spacer battle-history"><br></div><div class="battle-history"><small>The opposing Raikou restored a little HP using its Leftovers!</small><br></div><div class="spacer battle-history"><br></div><h2 class="battle-history">Turn 26</h2><div class="spacer battle-history"><br></div><div class="battle-history">giara ★_★ withdrew Raikou!<br></div><div class="battle-history">giara ★_★ sent out <strong>Cloyster</strong>!<br></div><div class="spacer battle-history"><br></div><div class="battle-history">Snorlax used <strong>Body Slam</strong>!<br></div><div class="battle-history"><small>(The opposing Cloyster lost <abbr title="−37/303">12.2%</abbr> of its health!)</small><br></div><div class="battle-history"><small>The opposing Cloyster is paralyzed! It may be unable to move!</small><br></div><div class="spacer battle-history"><br></div><div class="battle-history"><small>The opposing Cloyster restored a little HP using its Leftovers!</small><br></div><div class="spacer battle-history"><br></div><h2 class="battle-history">Turn 27</h2><div class="spacer battle-history"><br></div><div class="battle-history">Snorlax, come back!<br></div><div class="battle-history">Go! <strong>Starmie</strong>!<br></div><div class="battle-history"><small>Starmie was hurt by poison!</small><br></div><div class="spacer battle-history"><br></div><div class="battle-history">The opposing Cloyster used <strong>Spikes</strong>!<br></div><div class="battle-history"><small>Spikes were scattered on the ground all around your team!</small><br></div><div class="spacer battle-history"><br></div><div class="battle-history"><small>Starmie restored a little HP using its Leftovers!</small><br></div><div class="battle-history"><small>The opposing Cloyster restored a little HP using its Leftovers!</small><br></div><div class="spacer battle-history"><br></div><h2 class="battle-history">Turn 28</h2><div class="spacer battle-history"><br></div><div class="battle-history">giara ★_★ withdrew Cloyster!<br></div><div class="battle-history">giara ★_★ sent out <strong>Raikou</strong>!<br></div><div class="spacer battle-history"><br></div><div class="battle-history">Starmie used <strong>Rapid Spin</strong>!<br></div><div class="battle-history"><small>(The opposing Raikou lost <abbr title="−8/383">2.1%</abbr> of its health!)</small><br></div><div class="battle-history"><small>The spikes disappeared from the ground around your team!</small><br></div><div class="battle-history"><small>Starmie was hurt by poison!</small><br></div><div class="spacer battle-history"><br></div><div class="battle-history"><small>The opposing Raikou restored a little HP using its Leftovers!</small><br></div><div class="battle-history"><small>Starmie restored a little HP using its Leftovers!</small><br></div><div class="spacer battle-history"><br></div><h2 class="battle-history">Turn 29</h2><div class="spacer battle-history"><br></div><div class="battle-history">Starmie, come back!<br></div><div class="battle-history">Go! <strong>Raikou</strong>!<br></div><div class="spacer battle-history"><br></div><div class="battle-history">giara ★_★ withdrew Raikou!<br></div><div class="battle-history">giara ★_★ sent out <strong>Cloyster</strong>!<br></div><div class="spacer battle-history"><br></div><div class="battle-history"><small>Raikou restored a little HP using its Leftovers!</small><br></div><div class="battle-history"><small>The opposing Cloyster restored a little HP using its Leftovers!</small><br></div><div class="battle-history"><small>The opposing team's Reflect wore off!</small><br></div><div class="spacer battle-history"><br></div><h2 class="battle-history">Turn 30</h2><div class="spacer battle-history"><br></div><div class="battle-history">giara ★_★ withdrew Cloyster!<br></div><div class="battle-history">giara ★_★ sent out <strong>Raikou</strong>!<br></div><div class="spacer battle-history"><br></div><div class="battle-history">Raikou used <strong>Thunder</strong>!<br></div><div class="battle-history"><small>It's not very effective...</small><br></div><div class="battle-history"><small>(The opposing Raikou lost <abbr title="−75/383">19.6%</abbr> of its health!)</small><br></div><div class="spacer battle-history"><br></div><div class="battle-history"><small>The opposing Raikou restored a little HP using its Leftovers!</small><br></div><div class="battle-history"><small>Raikou restored a little HP using its Leftovers!</small><br></div><div class="spacer battle-history"><br></div><h2 class="battle-history">Turn 31</h2><div class="spacer battle-history"><br></div><div class="battle-history">Raikou used <strong>Thunder</strong>!<br></div><div class="battle-history"><small>It's not very effective...</small><br></div><div class="battle-history"><small>(The opposing Raikou lost <abbr title="−73/383">19.1%</abbr> of its health!)</small><br></div><div class="spacer battle-history"><br></div><div class="battle-history">The opposing Raikou used <strong>Roar</strong>!<br></div><div class="spacer battle-history"><br></div><div class="battle-history"><strong>Marowak</strong> was dragged out!<br></div><div class="spacer battle-history"><br></div><div class="battle-history"><small>The opposing Raikou restored a little HP using its Leftovers!</small><br></div><div class="spacer battle-history"><br></div><h2 class="battle-history">Turn 32</h2><div class="spacer battle-history"><br></div><div class="battle-history">giara ★_★ withdrew Raikou!<br></div><div class="battle-history">giara ★_★ sent out <strong>Zapdos</strong>!<br></div><div class="spacer battle-history"><br></div><div class="battle-history">Marowak used <strong>Rock Slide</strong>!<br></div><div class="battle-history"><small>It's super effective!</small><br></div><div class="battle-history"><small>(The opposing Zapdos lost <abbr title="−235/383">61.4%</abbr> of its health!)</small><br></div><div class="spacer battle-history"><br></div><div class="battle-history"><small>The opposing Zapdos restored a little HP using its Leftovers!</small><br></div><div class="spacer battle-history"><br></div><h2 class="battle-history">Turn 33</h2><div class="spacer battle-history"><br></div><div class="battle-history">The opposing Zapdos used <strong>Hidden Power</strong>!<br></div><div class="battle-history"><small>It's super effective!</small><br></div><div class="battle-history"><small>(Marowak lost <abbr title="−139/323">43.0%</abbr> of its health!)</small><br></div><div class="spacer battle-history"><br></div><div class="battle-history">Marowak used <strong>Rock Slide</strong>!<br></div><div class="battle-history"><small>It's super effective!</small><br></div><div class="battle-history"><small>(The opposing Zapdos lost <abbr title="−171/383">44.6%</abbr> of its health!)</small><br></div><div class="spacer battle-history"><br></div><div class="battle-history">The opposing Zapdos fainted!<br></div><div class="spacer battle-history"><br></div><div class="battle-history">giara ★_★ sent out <strong>Cloyster</strong>!<br></div><div class="spacer battle-history"><br></div><div class="battle-history"><small>The opposing Cloyster restored a little HP using its Leftovers!</small><br></div><div class="spacer battle-history"><br></div><h2 class="battle-history">Turn 34</h2><div class="spacer battle-history"><br></div><div class="battle-history">Marowak, come back!<br></div><div class="battle-history">Go! <strong>Starmie</strong>!<br></div><div class="battle-history"><small>Starmie was hurt by poison!</small><br></div><div class="spacer battle-history"><br></div><div class="battle-history">The opposing Cloyster used <strong>Surf</strong>!<br></div><div class="battle-history"><small>It's not very effective...</small><br></div><div class="battle-history"><small>(Starmie lost <abbr title="−52/323">16.1%</abbr> of its health!)</small><br></div><div class="spacer battle-history"><br></div><div class="battle-history"><small>Starmie restored a little HP using its Leftovers!</small><br></div><div class="battle-history"><small>The opposing Cloyster restored a little HP using its Leftovers!</small><br></div><div class="spacer battle-history"><br></div><h2 class="battle-history">Turn 35</h2><div class="spacer battle-history"><br></div><div class="battle-history">Starmie used <strong>Recover</strong>!<br></div><div class="battle-history"><small>Starmie had its HP restored.</small><br></div><div class="battle-history"><small>Starmie was hurt by poison!</small><br></div><div class="spacer battle-history"><br></div><div class="battle-history">The opposing Cloyster used <strong>Spikes</strong>!<br></div><div class="battle-history"><small>Spikes were scattered on the ground all around your team!</small><br></div><div class="spacer battle-history"><br></div><div class="battle-history"><small>Starmie restored a little HP using its Leftovers!</small><br></div><div class="spacer battle-history"><br></div><h2 class="battle-history">Turn 36</h2><div class="spacer battle-history"><br></div><div class="battle-history">Starmie used <strong>Rapid Spin</strong>!<br></div><div class="battle-history"><small>(The opposing Cloyster lost <abbr title="−10/303">3.3%</abbr> of its health!)</small><br></div><div class="battle-history"><small>The spikes disappeared from the ground around your team!</small><br></div><div class="battle-history"><small>Starmie was hurt by poison!</small><br></div><div class="spacer battle-history"><br></div><div class="battle-history">The opposing Cloyster used <strong>Explosion</strong>!<br></div><div class="battle-history"><small>(Starmie lost <abbr title="−253/323">78.3%</abbr> of its health!)</small><br></div><div class="spacer battle-history"><br></div><div class="battle-history">Starmie fainted!<br></div><div class="battle-history">The opposing Cloyster fainted!<br></div><div class="spacer battle-history"><br></div><div class="battle-history">Go! <strong>Raikou</strong>!<br></div><div class="spacer battle-history"><br></div><div class="battle-history">giara ★_★ sent out <strong>Tyranitar</strong>!<br></div><div class="spacer battle-history"><br></div><div class="battle-history"><small>Raikou restored a little HP using its Leftovers!</small><br></div><div class="spacer battle-history"><br></div><h2 class="battle-history">Turn 37</h2><div class="spacer battle-history"><br></div><div class="battle-history">Raikou used <strong>Reflect</strong>!<br></div><div class="battle-history"><small>Reflect made your team stronger against physical moves!</small><br></div><div class="spacer battle-history"><br></div><div class="battle-history">The opposing Tyranitar used <strong>Rock Slide</strong>!<br></div><div class="battle-history"><small>(Raikou lost <abbr title="−71/383">18.5%</abbr> of its health!)</small><br></div><div class="spacer battle-history"><br></div><div class="battle-history"><small>Raikou restored a little HP using its Leftovers!</small><br></div><div class="spacer battle-history"><br></div><h2 class="battle-history">Turn 38</h2><div class="spacer battle-history"><br></div><div class="battle-history">Raikou used <strong>Thunder</strong>!<br></div><div class="battle-history"><small>The opposing Tyranitar avoided the attack!</small><br></div><div class="spacer battle-history"><br></div><div class="battle-history">The opposing Tyranitar used <strong>Rock Slide</strong>!<br></div><div class="battle-history"><small>(Raikou lost <abbr title="−62/383">16.2%</abbr> of its health!)</small><br></div><div class="spacer battle-history"><br></div><div class="battle-history"><small>Raikou restored a little HP using its Leftovers!</small><br></div><div class="spacer battle-history"><br></div><h2 class="battle-history">Turn 39</h2><div class="spacer battle-history"><br></div><div class="battle-history">Raikou used <strong>Thunder</strong>!<br></div><div class="battle-history"><small>The opposing Tyranitar avoided the attack!</small><br></div><div class="spacer battle-history"><br></div><div class="battle-history">The opposing Tyranitar used <strong>Rock Slide</strong>!<br></div><div class="battle-history"><small>(Raikou lost <abbr title="−65/383">17.0%</abbr> of its health!)</small><br></div><div class="spacer battle-history"><br></div><div class="battle-history"><small>Raikou restored a little HP using its Leftovers!</small><br></div><div class="spacer battle-history"><br></div><h2 class="battle-history">Turn 40</h2><div class="spacer battle-history"><br></div><div class="battle-history">Raikou used <strong>Thunder</strong>!<br></div><div class="battle-history"><small>(The opposing Tyranitar lost <abbr title="−149/403">37.0%</abbr> of its health!)</small><br></div><div class="spacer battle-history"><br></div><div class="battle-history">The opposing Tyranitar used <strong>Rock Slide</strong>!<br></div><div class="battle-history"><small>(Raikou lost <abbr title="−71/383">18.5%</abbr> of its health!)</small><br></div><div class="spacer battle-history"><br></div><div class="battle-history"><small>Raikou restored a little HP using its Leftovers!</small><br></div><div class="battle-history"><small>The opposing Tyranitar restored a little HP using its Leftovers!</small><br></div><div class="spacer battle-history"><br></div><h2 class="battle-history">Turn 41</h2><div class="spacer battle-history"><br></div><div class="battle-history">giara ★_★ withdrew Tyranitar!<br></div><div class="battle-history">giara ★_★ sent out <strong>Snorlax</strong>!<br></div><div class="spacer battle-history"><br></div><div class="battle-history">Raikou used <strong>Thunder</strong>!<br></div><div class="battle-history"><small>(The opposing Snorlax lost <abbr title="−137/523">26.2%</abbr> of its health!)</small><br></div><div class="spacer battle-history"><br></div><div class="battle-history"><small>Raikou restored a little HP using its Leftovers!</small><br></div><div class="battle-history"><small>The opposing Snorlax restored a little HP using its Leftovers!</small><br></div><div class="battle-history"><small>Your team's Reflect wore off!</small><br></div><div class="spacer battle-history"><br></div><h2 class="battle-history">Turn 42</h2><div class="spacer battle-history"><br></div><div class="battle-history">Raikou used <strong>Reflect</strong>!<br></div><div class="battle-history"><small>Reflect made your team stronger against physical moves!</small><br></div><div class="spacer battle-history"><br></div><div class="battle-history">The opposing Snorlax used <strong>Rest</strong>!<br></div><div class="battle-history"><small>The opposing Snorlax fell asleep!</small><br></div><div class="battle-history"><small>The opposing Snorlax slept and became healthy!</small><br></div><div class="spacer battle-history"><br></div><div class="battle-history"><small>Raikou restored a little HP using its Leftovers!</small><br></div><div class="spacer battle-history"><br></div><h2 class="battle-history">Turn 43</h2><div class="spacer battle-history"><br></div><div class="battle-history">giara ★_★ withdrew Snorlax!<br></div><div class="battle-history">giara ★_★ sent out <strong>Tyranitar</strong>!<br></div><div class="spacer battle-history"><br></div><div class="battle-history">Raikou used <strong>Roar</strong>!<br></div><div class="spacer battle-history"><br></div><div class="battle-history"><strong>Snorlax</strong> was dragged out!<br></div><div class="spacer battle-history"><br></div><div class="battle-history"><small>Raikou restored a little HP using its Leftovers!</small><br></div><div class="spacer battle-history"><br></div><h2 class="battle-history">Turn 44</h2><div class="spacer battle-history"><br></div><div class="battle-history">Raikou, come back!<br></div><div class="battle-history">Go! <strong>Snorlax</strong>!<br></div><div class="spacer battle-history"><br></div><div class="battle-history">giara ★_★ withdrew Snorlax!<br></div><div class="battle-history">giara ★_★ sent out <strong>Tyranitar</strong>!<br></div><div class="spacer battle-history"><br></div><div class="battle-history"><small>The opposing Tyranitar restored a little HP using its Leftovers!</small><br></div><div class="spacer battle-history"><br></div><h2 class="battle-history">Turn 45</h2><div class="spacer battle-history"><br></div><div class="battle-history">giara ★_★ withdrew Tyranitar!<br></div><div class="battle-history">giara ★_★ sent out <strong>Raikou</strong>!<br></div><div class="spacer battle-history"><br></div><div class="battle-history">Snorlax used <strong>Earthquake</strong>!<br></div><div class="battle-history"><small>It's super effective!</small><br></div><div class="battle-history"><small>(The opposing Raikou lost <abbr title="−212/383">55.4%</abbr> of its health!)</small><br></div><div class="spacer battle-history"><br></div><div class="battle-history"><small>The opposing Raikou restored a little HP using its Leftovers!</small><br></div><div class="spacer battle-history"><br></div><h2 class="battle-history">Turn 46</h2><div class="spacer battle-history"><br></div><div class="battle-history">The opposing Raikou used <strong>Reflect</strong>!<br></div><div class="battle-history"><small>Reflect made the opposing team stronger against physical moves!</small><br></div><div class="spacer battle-history"><br></div><div class="battle-history">Snorlax used <strong>Earthquake</strong>!<br></div><div class="battle-history"><small>It's super effective!</small><br></div><div class="battle-history"><small>(The opposing Raikou lost <abbr title="−63/383">16.4%</abbr> of its health!)</small><br></div><div class="spacer battle-history"><br></div><div class="battle-history">The opposing Raikou fainted!<br></div><div class="spacer battle-history"><br></div><div class="battle-history">giara ★_★ sent out sua mae (<strong>Kangaskhan</strong>)!<br></div><div class="spacer battle-history"><br></div><div class="battle-history"><small>Your team's Reflect wore off!</small><br></div><div class="spacer battle-history"><br></div><h2 class="battle-history">Turn 47</h2><div class="spacer battle-history"><br></div><div class="battle-history">Snorlax, come back!<br></div><div class="battle-history">Go! <strong>Raikou</strong>!<br></div><div class="spacer battle-history"><br></div><div class="battle-history">The opposing sua mae used <strong>Curse</strong>!<br></div><div class="battle-history"><small>The opposing sua mae's Speed fell!</small><br></div><div class="battle-history"><small>The opposing sua mae's Attack rose!</small><br></div><div class="battle-history"><small>The opposing sua mae's Defense rose!</small><br></div><div class="spacer battle-history"><br></div><div class="battle-history"><small>Raikou restored a little HP using its Leftovers!</small><br></div><div class="spacer battle-history"><br></div><h2 class="battle-history">Turn 48</h2><div class="spacer battle-history"><br></div><div class="battle-history">Raikou used <strong>Reflect</strong>!<br></div><div class="battle-history"><small>Reflect made your team stronger against physical moves!</small><br></div><div class="spacer battle-history"><br></div><div class="battle-history">The opposing sua mae used <strong>Return</strong>!<br></div><div class="battle-history"><small>(Raikou lost <abbr title="−106/383">27.7%</abbr> of its health!)</small><br></div><div class="spacer battle-history"><br></div><div class="battle-history"><small>Raikou restored a little HP using its Leftovers!</small><br></div><div class="spacer battle-history"><br></div><h2 class="battle-history">Turn 49</h2><div class="spacer battle-history"><br></div><div class="battle-history">Raikou used <strong>Thunder</strong>!<br></div><div class="battle-history"><small>(The opposing sua mae lost <abbr title="−196/413">47.5%</abbr> of its health!)</small><br></div><div class="spacer battle-history"><br></div><div class="battle-history">The opposing sua mae used <strong>Return</strong>!<br></div><div class="battle-history"><small>(Raikou lost <abbr title="−97/383">25.3%</abbr> of its health!)</small><br></div><div class="spacer battle-history"><br></div><div class="battle-history"><small>Raikou restored a little HP using its Leftovers!</small><br></div><div class="battle-history"><small>The opposing sua mae restored a little HP using its Leftovers!</small><br></div><div class="spacer battle-history"><br></div><h2 class="battle-history">Turn 50</h2><div class="spacer battle-history"><br></div><div class="battle-history">Raikou used <strong>Thunder</strong>!<br></div><div class="battle-history"><small>(The opposing sua mae lost <abbr title="−171/413">41.4%</abbr> of its health!)</small><br></div><div class="spacer battle-history"><br></div><div class="battle-history">The opposing sua mae used <strong>Return</strong>!<br></div><div class="battle-history"><small>(Raikou lost <abbr title="−106/383">27.7%</abbr> of its health!)</small><br></div><div class="spacer battle-history"><br></div><div class="battle-history"><small>Raikou restored a little HP using its Leftovers!</small><br></div><div class="battle-history"><small>The opposing sua mae restored a little HP using its Leftovers!</small><br></div><div class="battle-history"><small>The opposing team's Reflect wore off!</small><br></div><div class="spacer battle-history"><br></div><h2 class="battle-history">Turn 51</h2><div class="spacer battle-history"><br></div><div class="battle-history">giara ★_★ withdrew sua mae!<br></div><div class="battle-history">giara ★_★ sent out <strong>Snorlax</strong>!<br></div><div class="spacer battle-history"><br></div><div class="battle-history">Raikou used <strong>Thunder</strong>!<br></div><div class="battle-history"><small>(The opposing Snorlax lost <abbr title="−154/523">29.4%</abbr> of its health!)</small><br></div><div class="spacer battle-history"><br></div><div class="battle-history"><small>Raikou restored a little HP using its Leftovers!</small><br></div><div class="battle-history"><small>The opposing Snorlax restored a little HP using its Leftovers!</small><br></div><div class="spacer battle-history"><br></div><h2 class="battle-history">Turn 52</h2><div class="spacer battle-history"><br></div><div class="battle-history">Raikou, come back!<br></div><div class="battle-history">Go! <strong>Snorlax</strong>!<br></div><div class="spacer battle-history"><br></div><div class="battle-history">giara ★_★ withdrew Snorlax!<br></div><div class="battle-history">giara ★_★ sent out sua mae (<strong>Kangaskhan</strong>)!<br></div><div class="spacer battle-history"><br></div><div class="battle-history"><small>The opposing sua mae restored a little HP using its Leftovers!</small><br></div><div class="battle-history"><small>Your team's Reflect wore off!</small><br></div><div class="spacer battle-history"><br></div><h2 class="battle-history">Turn 53</h2><div class="spacer battle-history"><br></div><div class="battle-history">giara ★_★ withdrew sua mae!<br></div><div class="battle-history">giara ★_★ sent out <strong>Tyranitar</strong>!<br></div><div class="spacer battle-history"><br></div><div class="battle-history">Snorlax used <strong>Body Slam</strong>!<br></div><div class="battle-history"><small>A critical hit!</small><br></div><div class="battle-history"><small>It's not very effective...</small><br></div><div class="battle-history"><small>(The opposing Tyranitar lost <abbr title="−97/403">24.1%</abbr> of its health!)</small><br></div><div class="battle-history"><small>The opposing Tyranitar is paralyzed! It may be unable to move!</small><br></div><div class="spacer battle-history"><br></div><div class="battle-history"><small>The opposing Tyranitar restored a little HP using its Leftovers!</small><br></div><div class="spacer battle-history"><br></div><h2 class="battle-history">Turn 54</h2><div class="spacer battle-history"><br></div><div class="battle-history">Snorlax used <strong>Earthquake</strong>!<br></div><div class="battle-history"><small>It's super effective!</small><br></div><div class="battle-history"><small>(The opposing Tyranitar lost <abbr title="−156/403">38.7%</abbr> of its health!)</small><br></div><div class="spacer battle-history"><br></div><div class="battle-history">The opposing Tyranitar used <strong>Roar</strong>!<br></div><div class="spacer battle-history"><br></div><div class="battle-history"><strong>Marowak</strong> was dragged out!<br></div><div class="spacer battle-history"><br></div><div class="battle-history"><small>The opposing Tyranitar restored a little HP using its Leftovers!</small><br></div><div class="spacer battle-history"><br></div><h2 class="battle-history">Turn 55</h2><div class="spacer battle-history"><br></div><div class="battle-history">Marowak used <strong>Rest</strong>!<br></div><div class="battle-history"><small>Marowak fell asleep!</small><br></div><div class="battle-history"><small>Marowak slept and became healthy!</small><br></div><div class="spacer battle-history"><br></div><div class="battle-history">The opposing Tyranitar used <strong>Fire Blast</strong>!<br></div><div class="battle-history"><small>(Marowak lost <abbr title="−105/323">32.5%</abbr> of its health!)</small><br></div><div class="spacer battle-history"><br></div><div class="battle-history"><small>The opposing Tyranitar restored a little HP using its Leftovers!</small><br></div><div class="spacer battle-history"><br></div><h2 class="battle-history">Turn 56</h2><div class="spacer battle-history"><br></div><div class="battle-history">Marowak, come back!<br></div><div class="battle-history">Go! <strong>Snorlax</strong>!<br></div><div class="spacer battle-history"><br></div><div class="battle-history">giara ★_★ withdrew Tyranitar!<br></div><div class="battle-history">giara ★_★ sent out sua mae (<strong>Kangaskhan</strong>)!<br></div><div class="spacer battle-history"><br></div><div class="battle-history"><small>The opposing sua mae restored a little HP using its Leftovers!</small><br></div><div class="spacer battle-history"><br></div><h2 class="battle-history">Turn 57</h2><div class="spacer battle-history"><br></div><div class="battle-history">giara ★_★ withdrew sua mae!<br></div><div class="battle-history">giara ★_★ sent out <strong>Tyranitar</strong>!<br></div><div class="spacer battle-history"><br></div><div class="battle-history">Snorlax used <strong>Body Slam</strong>!<br></div><div class="battle-history"><small>It's not very effective...</small><br></div><div class="battle-history"><small>(The opposing Tyranitar lost <abbr title="−50/403">12.4%</abbr> of its health!)</small><br></div><div class="spacer battle-history"><br></div><div class="battle-history"><small>The opposing Tyranitar restored a little HP using its Leftovers!</small><br></div><div class="spacer battle-history"><br></div><h2 class="battle-history">Turn 58</h2><div class="spacer battle-history"><br></div><div class="battle-history">Snorlax used <strong>Earthquake</strong>!<br></div><div class="battle-history"><small>It's super effective!</small><br></div><div class="battle-history"><small>(The opposing Tyranitar lost <abbr title="−101/403">25.1%</abbr> of its health!)</small><br></div><div class="spacer battle-history"><br></div><div class="battle-history">The opposing Tyranitar fainted!<br></div><div class="spacer battle-history"><br></div><div class="battle-history">giara ★_★ sent out sua mae (<strong>Kangaskhan</strong>)!<br></div><div class="spacer battle-history"><br></div><div class="battle-history"><small>The opposing sua mae restored a little HP using its Leftovers!</small><br></div><div class="spacer battle-history"><br></div><h2 class="battle-history">Turn 59</h2><div class="spacer battle-history"><br></div><div class="battle-history">The opposing sua mae used <strong>Curse</strong>!<br></div><div class="battle-history"><small>The opposing sua mae's Speed fell!</small><br></div><div class="battle-history"><small>The opposing sua mae's Attack rose!</small><br></div><div class="battle-history"><small>The opposing sua mae's Defense rose!</small><br></div><div class="spacer battle-history"><br></div><div class="battle-history">Snorlax used <strong>Body Slam</strong>!<br></div><div class="battle-history"><small>(The opposing sua mae lost <abbr title="−85/413">20.6%</abbr> of its health!)</small><br></div><div class="spacer battle-history"><br></div><div class="battle-history"><small>The opposing sua mae restored a little HP using its Leftovers!</small><br></div><div class="spacer battle-history"><br></div><h2 class="battle-history">Turn 60</h2><div class="spacer battle-history"><br></div><div class="battle-history">The opposing sua mae used <strong>Substitute</strong>!<br></div><div class="battle-history"><small>The opposing sua mae put in a substitute!</small><br></div><div class="battle-history"><small>(The opposing sua mae lost <abbr title="−103/413">24.9%</abbr> of its health!)</small><br></div><div class="spacer battle-history"><br></div><div class="battle-history">Snorlax used <strong>Body Slam</strong>!<br></div><div class="battle-history"><small>The substitute took damage for the opposing sua mae!</small><br></div><div class="spacer battle-history"><br></div><div class="battle-history"><small>The opposing sua mae restored a little HP using its Leftovers!</small><br></div><div class="spacer battle-history"><br></div><h2 class="battle-history">Turn 61</h2><div class="spacer battle-history"><br></div><div class="battle-history">The opposing sua mae used <strong>Return</strong>!<br></div><div class="battle-history"><small>A critical hit!</small><br></div><div class="battle-history"><small>(Snorlax lost <abbr title="−458/523">87.6%</abbr> of its health!)</small><br></div><div class="spacer battle-history"><br></div><div class="battle-history">Snorlax used <strong>Body Slam</strong>!<br></div><div class="battle-history"><small>The opposing sua mae's substitute faded!</small><br></div><div class="spacer battle-history"><br></div><div class="battle-history"><small>The opposing sua mae restored a little HP using its Leftovers!</small><br></div><div class="battle-history"><small>Snorlax restored a little HP using its Leftovers!</small><br></div><div class="spacer battle-history"><br></div><h2 class="battle-history">Turn 62</h2><div class="spacer battle-history"><br></div><div class="battle-history">Snorlax, come back!<br></div><div class="battle-history">Go! <strong>Miltank</strong>!<br></div><div class="spacer battle-history"><br></div><div class="battle-history">The opposing sua mae used <strong>Return</strong>!<br></div><div class="battle-history"><small>A critical hit!</small><br></div><div class="battle-history"><small>(Miltank lost <abbr title="−301/393">76.6%</abbr> of its health!)</small><br></div><div class="spacer battle-history"><br></div><div class="battle-history"><small>Miltank restored a little HP using its Leftovers!</small><br></div><div class="battle-history"><small>The opposing sua mae restored a little HP using its Leftovers!</small><br></div><div class="spacer battle-history"><br></div><h2 class="battle-history">Turn 63</h2><div class="spacer battle-history"><br></div><div class="battle-history">Miltank used <strong>Body Slam</strong>!<br></div><div class="battle-history"><small>(The opposing sua mae lost <abbr title="−64/413">15.5%</abbr> of its health!)</small><br></div><div class="spacer battle-history"><br></div><div class="battle-history">The opposing sua mae used <strong>Curse</strong>!<br></div><div class="battle-history"><small>The opposing sua mae's Speed fell!</small><br></div><div class="battle-history"><small>The opposing sua mae's Attack rose!</small><br></div><div class="battle-history"><small>The opposing sua mae's Defense rose!</small><br></div><div class="spacer battle-history"><br></div><div class="battle-history"><small>Miltank restored a little HP using its Leftovers!</small><br></div><div class="battle-history"><small>The opposing sua mae restored a little HP using its Leftovers!</small><br></div><div class="spacer battle-history"><br></div><h2 class="battle-history">Turn 64</h2><div class="spacer battle-history"><br></div><div class="battle-history">Miltank used <strong>Body Slam</strong>!<br></div><div class="battle-history"><small>(The opposing sua mae lost <abbr title="−44/413">10.7%</abbr> of its health!)</small><br></div><div class="spacer battle-history"><br></div><div class="battle-history">The opposing sua mae fainted!<br></div><div class="spacer battle-history"><br></div><div class="battle-history">giara ★_★ sent out <strong>Snorlax</strong>!<br></div><div class="spacer battle-history"><br></div><div class="battle-history"><small>Miltank restored a little HP using its Leftovers!</small><br></div><div class="battle-history"><small>The opposing Snorlax restored a little HP using its Leftovers!</small><br></div><div class="spacer battle-history"><br></div><h2 class="battle-history">Turn 65</h2><div class="spacer battle-history"><br></div><div class="battle-history">Miltank used <strong>Milk Drink</strong>!<br></div><div class="battle-history"><small>Miltank had its HP restored.</small><br></div><div class="spacer battle-history"><br></div><div class="battle-history">The opposing Snorlax is fast asleep.<br></div><div class="spacer battle-history"><br></div><div class="battle-history"><small>Miltank restored a little HP using its Leftovers!</small><br></div><div class="battle-history"><small>The opposing Snorlax restored a little HP using its Leftovers!</small><br></div><div class="spacer battle-history"><br></div><h2 class="battle-history">Turn 66</h2><div class="spacer battle-history"><br></div><div class="battle-history">Miltank, come back!<br></div><div class="battle-history">Go! <strong>Skarmory</strong>!<br></div><div class="spacer battle-history"><br></div><div class="battle-history">The opposing Snorlax is fast asleep.<br></div><div class="spacer battle-history"><br></div><div class="battle-history"><small>Skarmory restored a little HP using its Leftovers!</small><br></div><div class="battle-history"><small>The opposing Snorlax restored a little HP using its Leftovers!</small><br></div><div class="spacer battle-history"><br></div><h2 class="battle-history">Turn 67</h2><div class="spacer battle-history"><br></div><div class="battle-history">Skarmory used <strong>Curse</strong>!<br></div><div class="battle-history"><small>Skarmory's Speed fell!</small><br></div><div class="battle-history"><small>Skarmory's Attack rose!</small><br></div><div class="battle-history"><small>Skarmory's Defense rose!</small><br></div><div class="battle-history"><small>The opposing Snorlax woke up!</small><br></div><div class="spacer battle-history"><br></div><div class="battle-history">The opposing Snorlax used <strong>Curse</strong>!<br></div><div class="battle-history"><small>The opposing Snorlax's Speed fell!</small><br></div><div class="battle-history"><small>The opposing Snorlax's Attack rose!</small><br></div><div class="battle-history"><small>The opposing Snorlax's Defense rose!</small><br></div><div class="spacer battle-history"><br></div><div class="battle-history"><small>Skarmory restored a little HP using its Leftovers!</small><br></div><div class="battle-history"><small>The opposing Snorlax restored a little HP using its Leftovers!</small><br></div><div class="spacer battle-history"><br></div><h2 class="battle-history">Turn 68</h2><div class="spacer battle-history"><br></div><div class="battle-history">Skarmory used <strong>Curse</strong>!<br></div><div class="battle-history"><small>Skarmory's Speed fell!</small><br></div><div class="battle-history"><small>Skarmory's Attack rose!</small><br></div><div class="battle-history"><small>Skarmory's Defense rose!</small><br></div><div class="spacer battle-history"><br></div><div class="battle-history">The opposing Snorlax used <strong>Curse</strong>!<br></div><div class="battle-history"><small>The opposing Snorlax's Speed fell!</small><br></div><div class="battle-history"><small>The opposing Snorlax's Attack rose!</small><br></div><div class="battle-history"><small>The opposing Snorlax's Defense rose!</small><br></div><div class="spacer battle-history"><br></div><div class="battle-history"><small>Skarmory restored a little HP using its Leftovers!</small><br></div><div class="spacer battle-history"><br></div><h2 class="battle-history">Turn 69</h2><div class="spacer battle-history"><br></div><div class="battle-history">Skarmory used <strong>Curse</strong>!<br></div><div class="battle-history"><small>Skarmory's Speed fell!</small><br></div><div class="battle-history"><small>Skarmory's Attack rose!</small><br></div><div class="battle-history"><small>Skarmory's Defense rose!</small><br></div><div class="spacer battle-history"><br></div><div class="battle-history">The opposing Snorlax used <strong>Curse</strong>!<br></div><div class="battle-history"><small>The opposing Snorlax's Speed fell!</small><br></div><div class="battle-history"><small>The opposing Snorlax's Attack rose!</small><br></div><div class="battle-history"><small>The opposing Snorlax's Defense rose!</small><br></div><div class="spacer battle-history"><br></div><div class="battle-history"><small>Skarmory restored a little HP using its Leftovers!</small><br></div><div class="spacer battle-history"><br></div><h2 class="battle-history">Turn 70</h2><div class="spacer battle-history"><br></div><div class="battle-history">Skarmory used <strong>Curse</strong>!<br></div><div class="battle-history"><small>Skarmory's Speed fell!</small><br></div><div class="battle-history"><small>Skarmory's Attack rose!</small><br></div><div class="battle-history"><small>Skarmory's Defense rose!</small><br></div><div class="spacer battle-history"><br></div><div class="battle-history">The opposing Snorlax used <strong>Curse</strong>!<br></div><div class="battle-history"><small>The opposing Snorlax's Speed fell!</small><br></div><div class="battle-history"><small>The opposing Snorlax's Attack rose!</small><br></div><div class="battle-history"><small>The opposing Snorlax's Defense rose!</small><br></div><div class="spacer battle-history"><br></div><div class="battle-history"><small>Skarmory restored a little HP using its Leftovers!</small><br></div><div class="spacer battle-history"><br></div><h2 class="battle-history">Turn 71</h2><div class="spacer battle-history"><br></div><div class="battle-history">Skarmory used <strong>Curse</strong>!<br></div><div class="battle-history"><small>Skarmory's Speed fell!</small><br></div><div class="battle-history"><small>Skarmory's Attack rose!</small><br></div><div class="battle-history"><small>Skarmory's Defense rose!</small><br></div><div class="spacer battle-history"><br></div><div class="battle-history">The opposing Snorlax used <strong>Curse</strong>!<br></div><div class="battle-history"><small>The opposing Snorlax's Speed fell!</small><br></div><div class="battle-history"><small>The opposing Snorlax's Attack rose!</small><br></div><div class="battle-history"><small>The opposing Snorlax's Defense rose!</small><br></div><div class="spacer battle-history"><br></div><div class="battle-history"><small>Skarmory restored a little HP using its Leftovers!</small><br></div><div class="spacer battle-history"><br></div><h2 class="battle-history">Turn 72</h2><div class="spacer battle-history"><br></div><div class="battle-history">Skarmory used <strong>Curse</strong>!<br></div><div class="battle-history"><small>Skarmory's Speed fell!</small><br></div><div class="battle-history"><small>Skarmory's Attack rose!</small><br></div><div class="battle-history"><small>Skarmory's Defense rose!</small><br></div><div class="spacer battle-history"><br></div><div class="battle-history">The opposing Snorlax used <strong>Curse</strong>!<br></div><div class="battle-history"><small>The opposing Snorlax's Speed fell!</small><br></div><div class="battle-history"><small>The opposing Snorlax's Attack rose!</small><br></div><div class="battle-history"><small>The opposing Snorlax's Defense rose!</small><br></div><div class="spacer battle-history"><br></div><h2 class="battle-history">Turn 73</h2><div class="spacer battle-history"><br></div><div class="battle-history">Skarmory used <strong>Drill Peck</strong>!<br></div><div class="battle-history"><small>(The opposing Snorlax lost <abbr title="−110/523">21.0%</abbr> of its health!)</small><br></div><div class="spacer battle-history"><br></div><div class="battle-history">The opposing Snorlax used <strong>Double-Edge</strong>!<br></div><div class="battle-history"><small>It's not very effective...</small><br></div><div class="battle-history"><small>(Skarmory lost <abbr title="−70/333">21.0%</abbr> of its health!)</small><br></div><div class="battle-history"><small>The opposing Snorlax was damaged by the recoil!</small><br></div><div class="spacer battle-history"><br></div><div class="battle-history"><small>Skarmory restored a little HP using its Leftovers!</small><br></div><div class="battle-history"><small>The opposing Snorlax restored a little HP using its Leftovers!</small><br></div><div class="spacer battle-history"><br></div><h2 class="battle-history">Turn 74</h2><div class="spacer battle-history"><br></div><div class="battle-history">Skarmory used <strong>Drill Peck</strong>!<br></div><div class="battle-history"><small>(The opposing Snorlax lost <abbr title="−97/523">18.5%</abbr> of its health!)</small><br></div><div class="spacer battle-history"><br></div><div class="battle-history">The opposing Snorlax used <strong>Double-Edge</strong>!<br></div><div class="battle-history"><small>It's not very effective...</small><br></div><div class="battle-history"><small>(Skarmory lost <abbr title="−65/333">19.5%</abbr> of its health!)</small><br></div><div class="battle-history"><small>The opposing Snorlax was damaged by the recoil!</small><br></div><div class="spacer battle-history"><br></div><div class="battle-history"><small>Skarmory restored a little HP using its Leftovers!</small><br></div><div class="battle-history"><small>The opposing Snorlax restored a little HP using its Leftovers!</small><br></div><div class="spacer battle-history"><br></div><h2 class="battle-history">Turn 75</h2><div class="spacer battle-history"><br></div><div class="battle-history">Skarmory used <strong>Drill Peck</strong>!<br></div><div class="battle-history"><small>(The opposing Snorlax lost <abbr title="−112/523">21.4%</abbr> of its health!)</small><br></div><div class="spacer battle-history"><br></div><div class="battle-history">The opposing Snorlax used <strong>Double-Edge</strong>!<br></div><div class="battle-history"><small>It's not very effective...</small><br></div><div class="battle-history"><small>(Skarmory lost <abbr title="−73/333">21.9%</abbr> of its health!)</small><br></div><div class="battle-history"><small>The opposing Snorlax was damaged by the recoil!</small><br></div><div class="spacer battle-history"><br></div><div class="battle-history"><small>Skarmory restored a little HP using its Leftovers!</small><br></div><div class="battle-history"><small>The opposing Snorlax restored a little HP using its Leftovers!</small><br></div><div class="spacer battle-history"><br></div><h2 class="battle-history">Turn 76</h2><div class="spacer battle-history"><br></div><div class="battle-history">Skarmory used <strong>Rest</strong>!<br></div><div class="battle-history"><small>Skarmory fell asleep!</small><br></div><div class="battle-history"><small>Skarmory slept and became healthy!</small><br></div><div class="spacer battle-history"><br></div><div class="battle-history">The opposing Snorlax used <strong>Double-Edge</strong>!<br></div><div class="battle-history"><small>It's not very effective...</small><br></div><div class="battle-history"><small>(Skarmory lost <abbr title="−68/333">20.4%</abbr> of its health!)</small><br></div><div class="battle-history"><small>The opposing Snorlax was damaged by the recoil!</small><br></div><div class="spacer battle-history"><br></div><div class="battle-history"><small>Skarmory restored a little HP using its Leftovers!</small><br></div><div class="battle-history"><small>The opposing Snorlax restored a little HP using its Leftovers!</small><br></div><div class="spacer battle-history"><br></div><h2 class="battle-history">Turn 77</h2><div class="spacer battle-history"><br></div><div class="battle-history">Skarmory is fast asleep.<br></div><div class="spacer battle-history"><br></div><div class="battle-history">The opposing Snorlax used <strong>Double-Edge</strong>!<br></div><div class="battle-history"><small>It's not very effective...</small><br></div><div class="battle-history"><small>(Skarmory lost <abbr title="−74/333">22.2%</abbr> of its health!)</small><br></div><div class="battle-history"><small>The opposing Snorlax was damaged by the recoil!</small><br></div><div class="spacer battle-history"><br></div><div class="battle-history"><small>Skarmory restored a little HP using its Leftovers!</small><br></div><div class="battle-history"><small>The opposing Snorlax restored a little HP using its Leftovers!</small><br></div><div class="spacer battle-history"><br></div><h2 class="battle-history">Turn 78</h2><div class="spacer battle-history"><br></div><div class="battle-history">Skarmory is fast asleep.<br></div><div class="spacer battle-history"><br></div><div class="battle-history">The opposing Snorlax used <strong>Double-Edge</strong>!<br></div><div class="battle-history"><small>It's not very effective...</small><br></div><div class="battle-history"><small>(Skarmory lost <abbr title="−73/333">21.9%</abbr> of its health!)</small><br></div><div class="battle-history"><small>The opposing Snorlax was damaged by the recoil!</small><br></div><div class="spacer battle-history"><br></div><div class="battle-history"><small>Skarmory restored a little HP using its Leftovers!</small><br></div><div class="battle-history"><small>The opposing Snorlax restored a little HP using its Leftovers!</small><br></div><div class="spacer battle-history"><br></div><h2 class="battle-history">Turn 79</h2><div class="spacer battle-history"><br></div><div class="battle-history"><small>Skarmory woke up!</small><br></div><div class="spacer battle-history"><br></div><div class="battle-history">Skarmory used <strong>Rest</strong>!<br></div><div class="battle-history"><small>Skarmory fell asleep!</small><br></div><div class="battle-history"><small>Skarmory slept and became healthy!</small><br></div><div class="spacer battle-history"><br></div><div class="battle-history">The opposing Snorlax used <strong>Double-Edge</strong>!<br></div><div class="battle-history"><small>It's not very effective...</small><br></div><div class="battle-history"><small>(Skarmory lost <abbr title="−64/333">19.2%</abbr> of its health!)</small><br></div><div class="battle-history"><small>The opposing Snorlax was damaged by the recoil!</small><br></div><div class="spacer battle-history"><br></div><div class="battle-history"><small>Skarmory restored a little HP using its Leftovers!</small><br></div><div class="battle-history"><small>The opposing Snorlax restored a little HP using its Leftovers!</small><br></div><div class="spacer battle-history"><br></div><h2 class="battle-history">Turn 80</h2><div class="spacer battle-history"><br></div><div class="battle-history">Skarmory is fast asleep.<br></div><div class="spacer battle-history"><br></div><div class="battle-history">The opposing Snorlax used <strong>Double-Edge</strong>!<br></div><div class="battle-history"><small>A critical hit!</small><br></div><div class="battle-history"><small>It's not very effective...</small><br></div><div class="battle-history"><small>(Skarmory lost <abbr title="−115/333">34.5%</abbr> of its health!)</small><br></div><div class="battle-history"><small>The opposing Snorlax was damaged by the recoil!</small><br></div><div class="spacer battle-history"><br></div><div class="battle-history"><small>Skarmory restored a little HP using its Leftovers!</small><br></div><div class="battle-history"><small>The opposing Snorlax restored a little HP using its Leftovers!</small><br></div><div class="spacer battle-history"><br></div><h2 class="battle-history">Turn 81</h2><div class="spacer battle-history"><br></div><div class="battle-history">Skarmory is fast asleep.<br></div><div class="spacer battle-history"><br></div><div class="battle-history">The opposing Snorlax used <strong>Double-Edge</strong>!<br></div><div class="battle-history"><small>A critical hit!</small><br></div><div class="battle-history"><small>It's not very effective...</small><br></div><div class="battle-history"><small>(Skarmory lost <abbr title="−109/333">32.7%</abbr> of its health!)</small><br></div><div class="battle-history"><small>The opposing Snorlax was damaged by the recoil!</small><br></div><div class="spacer battle-history"><br></div><div class="battle-history"><small>Skarmory restored a little HP using its Leftovers!</small><br></div><div class="battle-history"><small>The opposing Snorlax restored a little HP using its Leftovers!</small><br></div><div class="spacer battle-history"><br></div><h2 class="battle-history">Turn 82</h2><div class="spacer battle-history"><br></div><div class="battle-history"><small>Skarmory woke up!</small><br></div><div class="spacer battle-history"><br></div><div class="battle-history">Skarmory used <strong>Rest</strong>!<br></div><div class="battle-history"><small>Skarmory fell asleep!</small><br></div><div class="battle-history"><small>Skarmory slept and became healthy!</small><br></div><div class="spacer battle-history"><br></div><div class="battle-history">The opposing Snorlax used <strong>Double-Edge</strong>!<br></div><div class="battle-history"><small>It's not very effective...</small><br></div><div class="battle-history"><small>(Skarmory lost <abbr title="−71/333">21.3%</abbr> of its health!)</small><br></div><div class="battle-history"><small>The opposing Snorlax was damaged by the recoil!</small><br></div><div class="spacer battle-history"><br></div><div class="battle-history"><small>Skarmory restored a little HP using its Leftovers!</small><br></div><div class="battle-history"><small>The opposing Snorlax restored a little HP using its Leftovers!</small><br></div><div class="spacer battle-history"><br></div><h2 class="battle-history">Turn 83</h2><div class="spacer battle-history"><br></div><div class="battle-history">Skarmory is fast asleep.<br></div><div class="spacer battle-history"><br></div><div class="battle-history">The opposing Snorlax used <strong>Double-Edge</strong>!<br></div><div class="battle-history"><small>It's not very effective...</small><br></div><div class="battle-history"><small>(Skarmory lost <abbr title="−69/333">20.7%</abbr> of its health!)</small><br></div><div class="battle-history"><small>The opposing Snorlax was damaged by the recoil!</small><br></div><div class="spacer battle-history"><br></div><div class="battle-history"><small>Skarmory restored a little HP using its Leftovers!</small><br></div><div class="battle-history"><small>The opposing Snorlax restored a little HP using its Leftovers!</small><br></div><div class="spacer battle-history"><br></div><h2 class="battle-history">Turn 84</h2><div class="spacer battle-history"><br></div><div class="battle-history">Skarmory is fast asleep.<br></div><div class="spacer battle-history"><br></div><div class="battle-history">The opposing Snorlax used <strong>Double-Edge</strong>!<br></div><div class="battle-history"><small>It's not very effective...</small><br></div><div class="battle-history"><small>(Skarmory lost <abbr title="−67/333">20.1%</abbr> of its health!)</small><br></div><div class="battle-history"><small>The opposing Snorlax was damaged by the recoil!</small><br></div><div class="spacer battle-history"><br></div><div class="battle-history"><small>Skarmory restored a little HP using its Leftovers!</small><br></div><div class="battle-history"><small>The opposing Snorlax restored a little HP using its Leftovers!</small><br></div><div class="spacer battle-history"><br></div><h2 class="battle-history">Turn 85</h2><div class="spacer battle-history"><br></div><div class="battle-history"><small>Skarmory woke up!</small><br></div><div class="spacer battle-history"><br></div><div class="battle-history">Skarmory used <strong>Rest</strong>!<br></div><div class="battle-history"><small>Skarmory fell asleep!</small><br></div><div class="battle-history"><small>Skarmory slept and became healthy!</small><br></div><div class="spacer battle-history"><br></div><div class="battle-history">The opposing Snorlax used <strong>Double-Edge</strong>!<br></div><div class="battle-history"><small>It's not very effective...</small><br></div><div class="battle-history"><small>(Skarmory lost <abbr title="−74/333">22.2%</abbr> of its health!)</small><br></div><div class="battle-history"><small>The opposing Snorlax was damaged by the recoil!</small><br></div><div class="spacer battle-history"><br></div><div class="battle-history"><small>Skarmory restored a little HP using its Leftovers!</small><br></div><div class="battle-history"><small>The opposing Snorlax restored a little HP using its Leftovers!</small><br></div><div class="spacer battle-history"><br></div><h2 class="battle-history">Turn 86</h2><div class="spacer battle-history"><br></div><div class="battle-history">Skarmory is fast asleep.<br></div><div class="spacer battle-history"><br></div><div class="battle-history">The opposing Snorlax used <strong>Double-Edge</strong>!<br></div><div class="battle-history"><small>It's not very effective...</small><br></div><div class="battle-history"><small>(Skarmory lost <abbr title="−64/333">19.2%</abbr> of its health!)</small><br></div><div class="battle-history"><small>The opposing Snorlax was damaged by the recoil!</small><br></div><div class="spacer battle-history"><br></div><div class="battle-history"><small>Skarmory restored a little HP using its Leftovers!</small><br></div><div class="battle-history"><small>The opposing Snorlax restored a little HP using its Leftovers!</small><br></div><div class="spacer battle-history"><br></div><h2 class="battle-history">Turn 87</h2><div class="spacer battle-history"><br></div><div class="battle-history">Skarmory is fast asleep.<br></div><div class="spacer battle-history"><br></div><div class="battle-history">The opposing Snorlax used <strong>Double-Edge</strong>!<br></div><div class="battle-history"><small>It's not very effective...</small><br></div><div class="battle-history"><small>(Skarmory lost <abbr title="−70/333">21.0%</abbr> of its health!)</small><br></div><div class="battle-history"><small>The opposing Snorlax was damaged by the recoil!</small><br></div><div class="spacer battle-history"><br></div><div class="battle-history"><small>Skarmory restored a little HP using its Leftovers!</small><br></div><div class="battle-history"><small>The opposing Snorlax restored a little HP using its Leftovers!</small><br></div><div class="spacer battle-history"><br></div><h2 class="battle-history">Turn 88</h2><div class="spacer battle-history"><br></div><div class="battle-history"><small>Skarmory woke up!</small><br></div><div class="spacer battle-history"><br></div><div class="battle-history">Skarmory used <strong>Rest</strong>!<br></div><div class="battle-history"><small>Skarmory fell asleep!</small><br></div><div class="battle-history"><small>Skarmory slept and became healthy!</small><br></div><div class="spacer battle-history"><br></div><div class="battle-history">The opposing Snorlax used <strong>Double-Edge</strong>!<br></div><div class="battle-history"><small>It's not very effective...</small><br></div><div class="battle-history"><small>(Skarmory lost <abbr title="−65/333">19.5%</abbr> of its health!)</small><br></div><div class="battle-history"><small>The opposing Snorlax was damaged by the recoil!</small><br></div><div class="spacer battle-history"><br></div><div class="battle-history"><small>Skarmory restored a little HP using its Leftovers!</small><br></div><div class="battle-history"><small>The opposing Snorlax restored a little HP using its Leftovers!</small><br></div><div class="spacer battle-history"><br></div><h2 class="battle-history">Turn 89</h2><div class="spacer battle-history"><br></div><div class="battle-history">Skarmory is fast asleep.<br></div><div class="spacer battle-history"><br></div><div class="battle-history">The opposing Snorlax used <strong>Double-Edge</strong>!<br></div><div class="battle-history"><small>It's not very effective...</small><br></div><div class="battle-history"><small>(Skarmory lost <abbr title="−64/333">19.2%</abbr> of its health!)</small><br></div><div class="battle-history"><small>The opposing Snorlax was damaged by the recoil!</small><br></div><div class="spacer battle-history"><br></div><div class="battle-history"><small>Skarmory restored a little HP using its Leftovers!</small><br></div><div class="battle-history"><small>The opposing Snorlax restored a little HP using its Leftovers!</small><br></div><div class="spacer battle-history"><br></div><h2 class="battle-history">Turn 90</h2><div class="chat chatmessage-giara"><strong style="color:#c43694"><small>★</small><span class="username" data-name="giara ★_★">giara ★_★</span>:</strong> <em>gg</em></div><div class="spacer battle-history"><br></div><div class="battle-history"><small>giara ★_★ forfeited.</small><br></div><div class="spacer battle-history"><br></div><div class="battle-history"><strong>d0nut</strong> won the battle!<br></div><div class="chat chatmessage-d0nut"><strong style="color:#0d9eca"><small>★</small><span class="username" data-name="d0nut">d0nut</span>:</strong> <em>gg</em></div></div><div class="inner-preempt"></div></div></div>
</div>
<script>
let daily = Math.floor(Date.now()/1000/60/60/24);document.write('<script src="https://play.pokemonshowdown.com/js/replay-embed.js?version'+daily+'"></'+'script>');
</script>
