<!DOCTYPE html>
<meta charset="utf-8" />
<!-- version 1 -->
<title>[Gen 2] OU replay: Fear vs. Bomber</title>
<style>
html,body {font-family:Verdana, sans-serif;font-size:10pt;margin:0;padding:0;}body{padding:12px 0;} .battle-log {font-family:Verdana, sans-serif;font-size:10pt;} .battle-log-inline {border:1px solid #AAAAAA;background:#EEF2F5;color:black;max-width:640px;margin:0 auto 80px;padding-bottom:5px;} .battle-log .inner {padding:4px 8px 0px 8px;} .battle-log .inner-preempt {padding:0 8px 4px 8px;} .battle-log .inner-after {margin-top:0.5em;} .battle-log h2 {margin:0.5em -8px;padding:4px 8px;border:1px solid #AAAAAA;background:#E0E7EA;border-left:0;border-right:0;font-family:Verdana, sans-serif;font-size:13pt;} .battle-log .chat {vertical-align:middle;padding:3px 0 3px 0;font-size:8pt;} .battle-log .chat strong {color:#40576A;} .battle-log .chat em {padding:1px 4px 1px 3px;color:#000000;font-style:normal;} .chat.mine {background:rgba(0,0,0,0.05);margin-left:-8px;margin-right:-8px;padding-left:8px;padding-right:8px;} .spoiler {color:#BBBBBB;background:#BBBBBB;padding:0px 3px;} .spoiler:hover, .spoiler:active, .spoiler-shown {color:#000000;background:#E2E2E2;padding:0px 3px;} .spoiler a {color:#BBBBBB;} .spoiler:hover a, .spoiler:active a, .spoiler-shown a {color:#2288CC;} .chat code, .chat .spoiler:hover code, .chat .spoiler:active code, .chat .spoiler-shown code {border:1px solid #C0C0C0;background:#EEEEEE;color:black;padding:0 2px;} .chat .spoiler code {border:1px solid #CCCCCC;background:#CCCCCC;color:#CCCCCC;} .battle-log .rated {padding:3px 4px;} .battle-log .rated strong {color:white;background:#89A;padding:1px 4px;border-radius:4px;} .spacer {margin-top:0.5em;} .message-announce {background:#6688AA;color:white;padding:1px 4px 2px;} .message-announce a, .broadcast-green a, .broadcast-blue a, .broadcast-red a {color:#DDEEFF;} .broadcast-green {background-color:#559955;color:white;padding:2px 4px;} .broadcast-blue {background-color:#6688AA;color:white;padding:2px 4px;} .infobox {border:1px solid #6688AA;padding:2px 4px;} .infobox-limited {max-height:200px;overflow:auto;overflow-x:hidden;} .broadcast-red {background-color:#AA5544;color:white;padding:2px 4px;} .message-learn-canlearn {font-weight:bold;color:#228822;text-decoration:underline;} .message-learn-cannotlearn {font-weight:bold;color:#CC2222;text-decoration:underline;} .message-effect-weak {font-weight:bold;color:#CC2222;} .message-effect-resist {font-weight:bold;color:#6688AA;} .message-effect-immune {font-weight:bold;color:#666666;} .message-learn-list {margin-top:0;margin-bottom:0;} .message-throttle-notice, .message-error {color:#992222;} .message-overflow, .chat small.message-overflow {font-size:0pt;} .message-overflow::before {font-size:9pt;content:'...';} .subtle {color:#3A4A66;}
</style>
<div class="wrapper replay-wrapper" style="max-width:1180px;margin:0 auto">
<input type="hidden" name="replayid" value="smogtours-gen2ou-255683" />
<div class="battle"></div><div class="battle-log"></div><div class="replay-controls"></div><div class="replay-controls-2"></div>
<h1 style="font-weight:normal;text-align:center"><strong>[Gen 2] OU</strong><br /><a href="http://pokemonshowdown.com/users/fear" class="subtle" target="_blank">Fear</a> vs. <a href="http://pokemonshowdown.com/users/bomber" class="subtle" target="_blank">Bomber</a></h1>
<script type="text/plain" class="battle-log-data">|inactive|Battle timer is ON: inactive players will automatically lose when time's up.
|J|Fear
|J|Bomber
|player|p1|Fear|238
|player|p2|Bomber|221
|gametype|singles
|gen|2
|tier|[Gen 2] OU
|seed|51339,3394,24613,279
|rule|Sleep Clause Mod: Limit one foe put to sleep
|rule|Species Clause: Limit one of each Pokémon
|rule|OHKO Clause: OHKO moves are banned
|rule|Evasion Moves Clause: Evasion moves are banned
|rule|HP Percentage Mod: HP is shown in percentages
|
|start
|switch|p1a: Raikou|Raikou|383\/383
|switch|p2a: Zapdos|Zapdos|383\/383
|turn|1
|J|Bouff
|J|Finchinator
|J|Rumor
|J|ChillShadow
|J|rozes
|J|Vinc2612
|J|Pearl☆
|c|+Rumor|GO BOMBER
|c|★Bomber|hf
|raw|<div class="broadcast-red"><b>Moderated chat was set to @!<\/b><br \/>Only users of rank @ and higher can talk.<\/div>
|J|Lusch
|J|Vileman
|J|We Three Kings
|J|Cdumas
|J|Updated Kanto
|J|choolio iglesias
|J|k3nan ♥
|J|Fireburn
|J|Syl♥ie Lyyneheym
|J|Mysterious M
|J|urban
|choice|move hiddenpower|move thunder
|
|move|p1a: Raikou|Hidden Power|p2a: Zapdos
|-supereffective|p2a: Zapdos
|-damage|p2a: Zapdos|259\/383
|move|p2a: Zapdos|Thunder|p1a: Raikou|[miss]
|-miss|p2a: Zapdos|p1a: Raikou
|
|-heal|p2a: Zapdos|282\/383|[from] item: Leftovers
|upkeep
|turn|2
|J|Anty
|choice|move thunder|switch 5
|
|switch|p2a: Steelix|Steelix, M|353\/353
|move|p1a: Raikou|Thunder|p2a: Steelix
|-immune|p2a: Steelix|[msg]
|
|upkeep
|turn|3
|choice|switch 2|move roar
|
|switch|p1a: Cloyster|Cloyster, M|303\/303
|move|p2a: Steelix|Roar|p1a: Cloyster
|drag|p1a: Steelix|Steelix, M|353\/353
|
|upkeep
|turn|4
|J|The Trap God
|J|FlamingVictini
|choice|switch 5|switch 5
|
|switch|p1a: Cloyster|Cloyster, M|303\/303
|switch|p2a: Zapdos|Zapdos|282\/383
|
|-heal|p2a: Zapdos|305\/383|[from] item: Leftovers
|upkeep
|turn|5
|J|Sken
|J|Ernes
|J|carcy
|J|Pohjis
|J|dragonuser
|J|starmaster
|choice|switch 2|move thunder
|
|switch|p1a: Raikou|Raikou|383\/383
|move|p2a: Zapdos|Thunder|p1a: Raikou
|-resisted|p1a: Raikou
|-damage|p1a: Raikou|295\/383
|
|-heal|p1a: Raikou|318\/383|[from] item: Leftovers
|-heal|p2a: Zapdos|328\/383|[from] item: Leftovers
|upkeep
|turn|6
|J|Foggi キング
|J|LUCK>SKILL
|J|The Idiot Ninja
|choice|move thunder|move thunder
|
|move|p1a: Raikou|Thunder|p2a: Zapdos
|-damage|p2a: Zapdos|153\/383
|-status|p2a: Zapdos|par
|move|p2a: Zapdos|Thunder|p1a: Raikou
|-resisted|p1a: Raikou
|-damage|p1a: Raikou|229\/383
|
|-heal|p1a: Raikou|252\/383|[from] item: Leftovers
|-heal|p2a: Zapdos|176\/383 par|[from] item: Leftovers
|upkeep
|turn|7
|J|Raiza
|J|Bughouse
|J|Analytic
|J|Vubon
|choice|move hiddenpower|switch 4
|
|switch|p2a: Snorlax|Snorlax, M|523\/523
|move|p1a: Raikou|Hidden Power|p2a: Snorlax
|-damage|p2a: Snorlax|463\/523
|
|-heal|p1a: Raikou|275\/383|[from] item: Leftovers
|-heal|p2a: Snorlax|495\/523|[from] item: Leftovers
|upkeep
|turn|8
|J|THE PDC SHOW
|choice|switch 2|move lovelykiss
|
|switch|p1a: Cloyster|Cloyster, M|303\/303
|move|p2a: Snorlax|Lovely Kiss|p1a: Cloyster|[miss]
|-miss|p2a: Snorlax|p1a: Cloyster
|
|-heal|p2a: Snorlax|523\/523|[from] item: Leftovers
|upkeep
|turn|9
|L|Raiza
|choice|move spikes|move lovelykiss
|
|move|p1a: Cloyster|Spikes|p2a: Snorlax
|-sidestart|p2: Bomber|Spikes
|move|p2a: Snorlax|Lovely Kiss|p1a: Cloyster
|-status|p1: Cloyster|slp
|
|upkeep
|turn|10
|L|Sken
|J|Raiza
|L|Mysterious M
|choice|switch 4|move fireblast
|
|switch|p1a: Miltank|Miltank, F|393\/393
|move|p2a: Snorlax|Fire Blast|p1a: Miltank
|-damage|p1a: Miltank|308\/393
|
|-heal|p1a: Miltank|332\/393|[from] item: Leftovers
|upkeep
|turn|11
|J|soulgazer
|J|Finding True Love
|J|stay w0ke
|J|M Dragon
|J|Snou
|J|TriAnGlezZ
|choice|move growl|switch 2
|
|switch|p2a: Cloyster|Cloyster, M|303\/303
|-damage|p2a: Cloyster|266\/303|[from] Spikes
|move|p1a: Miltank|Growl|p2a: Cloyster
|-unboost|p2a: Cloyster|atk|1
|
|-heal|p1a: Miltank|356\/393|[from] item: Leftovers
|-heal|p2a: Cloyster|284\/303|[from] item: Leftovers
|upkeep
|turn|12
|choice|switch 2|move spikes
|
|switch|p1a: Raikou|Raikou|275\/383
|move|p2a: Cloyster|Spikes|p1a: Raikou
|-sidestart|p1: Fear|Spikes
|
|-heal|p1a: Raikou|298\/383|[from] item: Leftovers
|-heal|p2a: Cloyster|302\/303|[from] item: Leftovers
|upkeep
|turn|13
|L|Analytic
|J|Analytic
|choice|move hiddenpower|switch 5
|
|switch|p2a: Steelix|Steelix, M|353\/353
|-damage|p2a: Steelix|309\/353|[from] Spikes
|move|p1a: Raikou|Hidden Power|p2a: Steelix
|-damage|p2a: Steelix|228\/353
|
|-heal|p1a: Raikou|321\/383|[from] item: Leftovers
|-heal|p2a: Steelix|250\/353|[from] item: Leftovers
|upkeep
|turn|14
|L|stay w0ke
|choice|move reflect|move earthquake
|
|move|p1a: Raikou|Reflect|p1a: Raikou
|-sidestart|p1: Fear|Reflect
|move|p2a: Steelix|Earthquake|p1a: Raikou
|-supereffective|p1a: Raikou
|-damage|p1a: Raikou|186\/383
|
|-heal|p1a: Raikou|209\/383|[from] item: Leftovers
|-heal|p2a: Steelix|272\/353|[from] item: Leftovers
|upkeep
|turn|15
|choice|switch 2|move roar
|
|switch|p1a: Miltank|Miltank, F|356\/393
|-damage|p1a: Miltank|307\/393|[from] Spikes
|move|p2a: Steelix|Roar|p1a: Miltank
|drag|p1a: Snorlax|Snorlax, M|523\/523
|-damage|p1a: Snorlax|458\/523|[from] Spikes
|
|-heal|p1a: Snorlax|490\/523|[from] item: Leftovers
|-heal|p2a: Steelix|294\/353|[from] item: Leftovers
|upkeep
|turn|16
|J|tamahome
|J|GOAO
|choice|move curse|move roar
|
|move|p1a: Snorlax|Curse|p1a: Snorlax
|-unboost|p1a: Snorlax|spe|1
|-boost|p1a: Snorlax|atk|1
|-boost|p1a: Snorlax|def|1
|move|p2a: Steelix|Roar|p1a: Snorlax
|drag|p1a: Raikou|Raikou|209\/383
|-damage|p1a: Raikou|162\/383|[from] Spikes
|
|-heal|p1a: Raikou|185\/383|[from] item: Leftovers
|-heal|p2a: Steelix|316\/353|[from] item: Leftovers
|upkeep
|turn|17
|choice|move hiddenpower|move earthquake
|
|move|p1a: Raikou|Hidden Power|p2a: Steelix
|-damage|p2a: Steelix|239\/353
|move|p2a: Steelix|Earthquake|p1a: Raikou
|-supereffective|p1a: Raikou
|-damage|p1a: Raikou|54\/383
|
|-heal|p1a: Raikou|77\/383|[from] item: Leftovers
|-heal|p2a: Steelix|261\/353|[from] item: Leftovers
|upkeep
|turn|18
|choice|move rest|move earthquake
|
|move|p1a: Raikou|Rest|p1a: Raikou
|-status|p1: Raikou|slp
|-heal|p1a: Raikou|383\/383 slp|[silent]
|-status|p1a: Raikou|slp|[from] move: Rest
|move|p2a: Steelix|Earthquake|p1a: Raikou
|-crit|p1a: Raikou
|-supereffective|p1a: Raikou
|-damage|p1a: Raikou|0 fnt
|faint|p1a: Raikou
|J|Lcans..
|L|Foggi キング
|choice|switch 6|
|
|switch|p1a: Miltank|Miltank, F|307\/393
|-damage|p1a: Miltank|258\/393|[from] Spikes
|
|-heal|p1a: Miltank|282\/393|[from] item: Leftovers
|-heal|p2a: Steelix|283\/353|[from] item: Leftovers
|-sideend|p1: Fear|Reflect
|upkeep
|turn|19
|L|Lcans..
|J|dice
|J|Sken
|choice|move healbell|move earthquake
|
|move|p1a: Miltank|Heal Bell|p1a: Miltank
|-cureteam|p1a: Miltank|[from] move: Heal Bell
|move|p2a: Steelix|Earthquake|p1a: Miltank
|-damage|p1a: Miltank|184\/393
|
|-heal|p1a: Miltank|208\/393|[from] item: Leftovers
|-heal|p2a: Steelix|305\/353|[from] item: Leftovers
|upkeep
|turn|20
|choice|move milkdrink|switch 4
|
|switch|p2a: Zapdos|Zapdos|176\/383 par
|move|p1a: Miltank|Milk Drink|p1a: Miltank
|-heal|p1a: Miltank|393\/393
|
|-heal|p2a: Zapdos|199\/383 par|[from] item: Leftovers
|upkeep
|turn|21
|choice|switch 2|move rest
|
|switch|p1a: Snorlax|Snorlax, M|490\/523
|-damage|p1a: Snorlax|425\/523|[from] Spikes
|move|p2a: Zapdos|Rest|p2a: Zapdos
|-status|p2: Zapdos|slp
|-heal|p2a: Zapdos|383\/383 slp|[silent]
|-status|p2a: Zapdos|slp|[from] move: Rest
|
|-heal|p1a: Snorlax|457\/523|[from] item: Leftovers
|upkeep
|turn|22
|choice|move curse|switch 5
|
|switch|p2a: Cloyster|Cloyster, M|302\/303
|-damage|p2a: Cloyster|265\/303|[from] Spikes
|move|p1a: Snorlax|Curse|p1a: Snorlax
|-unboost|p1a: Snorlax|spe|1
|-boost|p1a: Snorlax|atk|1
|-boost|p1a: Snorlax|def|1
|
|-heal|p2a: Cloyster|283\/303|[from] item: Leftovers
|-heal|p1a: Snorlax|489\/523|[from] item: Leftovers
|upkeep
|turn|23
|choice|move curse|move clamp
|
|move|p2a: Cloyster|Clamp|p1a: Snorlax
|-damage|p1a: Snorlax|451\/523
|-activate|p1a: Snorlax|move: Clamp|[of] p2a: Cloyster
|move|p1a: Snorlax|Curse|p1a: Snorlax
|-unboost|p1a: Snorlax|spe|1
|-boost|p1a: Snorlax|atk|1
|-boost|p1a: Snorlax|def|1
|
|-heal|p2a: Cloyster|301\/303|[from] item: Leftovers
|-heal|p1a: Snorlax|483\/523|[from] item: Leftovers
|-damage|p1a: Snorlax|451\/523|[from] move: Clamp|[partiallytrapped]
|upkeep
|turn|24
|J|Tricking
|J|a song or two
|choice|move earthquake|move surf
|
|move|p2a: Cloyster|Surf|p1a: Snorlax
|-damage|p1a: Snorlax|363\/523
|move|p1a: Snorlax|Earthquake|p2a: Cloyster
|-damage|p2a: Cloyster|187\/303
|
|-heal|p2a: Cloyster|205\/303|[from] item: Leftovers
|-heal|p1a: Snorlax|395\/523|[from] item: Leftovers
|-damage|p1a: Snorlax|363\/523|[from] move: Clamp|[partiallytrapped]
|upkeep
|turn|25
|choice|move doubleedge|move explosion
|
|move|p2a: Cloyster|Explosion|p1a: Snorlax
|-damage|p1a: Snorlax|124\/523
|faint|p2a: Cloyster
|choice||switch 3
|
|switch|p2a: Machamp|Machamp, M|383\/383
|-damage|p2a: Machamp|336\/383|[from] Spikes
|
|-heal|p2a: Machamp|359\/383|[from] item: Leftovers
|-heal|p1a: Snorlax|156\/523|[from] item: Leftovers
|upkeep
|turn|26
|J|HiImThao
|choice|switch 3|move crosschop
|
|switch|p1a: Starmie|Starmie|323\/323
|-damage|p1a: Starmie|283\/323|[from] Spikes
|move|p2a: Machamp|Cross Chop|p1a: Starmie
|-resisted|p1a: Starmie
|-damage|p1a: Starmie|203\/323
|
|-heal|p1a: Starmie|223\/323|[from] item: Leftovers
|-heal|p2a: Machamp|382\/383|[from] item: Leftovers
|upkeep
|turn|27
|J|Ojama
|choice|move rapidspin|switch 2
|
|switch|p2a: Snorlax|Snorlax, M|523\/523
|-damage|p2a: Snorlax|458\/523|[from] Spikes
|move|p1a: Starmie|Rapid Spin|p2a: Snorlax
|-damage|p2a: Snorlax|441\/523
|-sideend|p1: Fear|Spikes|[from] move: Rapid Spin|[of] p1a: Starmie
|
|-heal|p1a: Starmie|243\/323|[from] item: Leftovers
|-heal|p2a: Snorlax|473\/523|[from] item: Leftovers
|upkeep
|turn|28
|choice|switch 4|move lovelykiss
|
|switch|p1a: Cloyster|Cloyster, M|303\/303
|move|p2a: Snorlax|Lovely Kiss|p1a: Cloyster
|-status|p1: Cloyster|slp
|
|-heal|p2a: Snorlax|505\/523|[from] item: Leftovers
|upkeep
|turn|29
|J|oase
|J|Celysi
|choice|switch 2|switch 5
|
|switch|p1a: Miltank|Miltank, F|393\/393
|switch|p2a: Zapdos|Zapdos|383\/383 slp
|
|upkeep
|turn|30
|J|bro fist
|choice|switch 5|move sleeptalk
|
|switch|p1a: Steelix|Steelix, M|353\/353
|cant|p2: Zapdos|slp
|move|p2a: Zapdos|Sleep Talk|p2a: Zapdos
|move|p2a: Zapdos|Hidden Power|p1a: Steelix|[from]Sleep Talk
|-damage|p1a: Steelix|262\/353
|
|-heal|p1a: Steelix|284\/353|[from] item: Leftovers
|upkeep
|turn|31
|J|Roro
|choice|move curse|switch 5
|
|switch|p2a: Snorlax|Snorlax, M|505\/523
|-damage|p2a: Snorlax|440\/523|[from] Spikes
|move|p1a: Steelix|Curse|p1a: Steelix
|-unboost|p1a: Steelix|spe|1
|-boost|p1a: Steelix|atk|1
|-boost|p1a: Steelix|def|1
|
|-heal|p2a: Snorlax|472\/523|[from] item: Leftovers
|-heal|p1a: Steelix|306\/353|[from] item: Leftovers
|upkeep
|turn|32
|choice|switch 5|move fireblast
|
|switch|p1a: Miltank|Miltank, F|393\/393
|move|p2a: Snorlax|Fire Blast|p1a: Miltank
|-damage|p1a: Miltank|302\/393
|
|-heal|p1a: Miltank|326\/393|[from] item: Leftovers
|-heal|p2a: Snorlax|504\/523|[from] item: Leftovers
|upkeep
|turn|33
|choice|move bodyslam|move return
|
|move|p1a: Miltank|Body Slam|p2a: Snorlax
|-damage|p2a: Snorlax|395\/523
|move|p2a: Snorlax|Return|p1a: Miltank
|-damage|p1a: Miltank|195\/393
|
|-heal|p1a: Miltank|219\/393|[from] item: Leftovers
|-heal|p2a: Snorlax|427\/523|[from] item: Leftovers
|upkeep
|turn|34
|choice|move milkdrink|switch 5
|
|switch|p2a: Zapdos|Zapdos|383\/383 slp
|move|p1a: Miltank|Milk Drink|p1a: Miltank
|-heal|p1a: Miltank|393\/393
|
|upkeep
|turn|35
|choice|switch 5|move sleeptalk
|
|switch|p1a: Steelix|Steelix, M|306\/353
|cant|p2: Zapdos|slp
|move|p2a: Zapdos|Sleep Talk|p2a: Zapdos
|move|p2a: Zapdos|Thunder|p1a: Steelix|[from]Sleep Talk
|-immune|p1a: Steelix|[msg]
|
|-heal|p1a: Steelix|328\/353|[from] item: Leftovers
|upkeep
|turn|36
|choice|move roar|switch 2
|
|switch|p2a: Machamp|Machamp, M|382\/383
|-damage|p2a: Machamp|335\/383|[from] Spikes
|move|p1a: Steelix|Roar|p2a: Machamp
|drag|p2a: Typhlosion|Typhlosion, M|359\/359
|-damage|p2a: Typhlosion|315\/359|[from] Spikes
|
|-heal|p2a: Typhlosion|337\/359|[from] item: Leftovers
|-heal|p1a: Steelix|350\/353|[from] item: Leftovers
|upkeep
|turn|37
|c|★Fear|Ok
|J|Eternal Spirit@
|L|a song or two
|J|carlybaejepsen
|J|tko
|J|p2
|J|ict
|J|Jytcampbell
|J|Advantage
|J|ZoroDark
|choice|switch 4|move fireblast
|
|switch|p1a: Starmie|Starmie|243\/323
|move|p2a: Typhlosion|Fire Blast|p1a: Starmie|[miss]
|-miss|p2a: Typhlosion|p1a: Starmie
|
|-heal|p1a: Starmie|263\/323|[from] item: Leftovers
|-heal|p2a: Typhlosion|359\/359|[from] item: Leftovers
|upkeep
|turn|38
|J|MetalGro$$
|L|Jytcampbell
|J|Esteemed User ツ
|J|Mysterious M
|J|Sauga
|J|dogman551
|J|ABR
|choice|switch 3|switch 2
|
|switch|p1a: Snorlax|Snorlax, M|156\/523
|switch|p2a: Zapdos|Zapdos|383\/383 slp
|
|-heal|p1a: Snorlax|188\/523|[from] item: Leftovers
|upkeep
|turn|39
|L|ZoroDark
|J|blunderr
|L|Sauga
|J|Feliburn
|J|Danz 1
|L|blunderr
|J|Freeroamer
|J|bluri
|J|yohoE
|J|Peasounay
|L|Danz 1
|J|reyscarface
|L|Vubon
|J|Foggi キング
|choice|move rest|switch 4
|
|switch|p2a: Steelix|Steelix, M|305\/353
|-damage|p2a: Steelix|261\/353|[from] Spikes
|move|p1a: Snorlax|Rest|p1a: Snorlax
|-status|p1: Snorlax|slp
|-heal|p1a: Snorlax|523\/523 slp|[silent]
|-status|p1a: Snorlax|slp|[from] move: Rest
|
|-heal|p2a: Steelix|283\/353|[from] item: Leftovers
|upkeep
|turn|40
|J|Ciele
|J|stay w0ke
|J|Disjunction
|J|Mizuhime
|L|Advantage
|J|Soruxt
|J|dodrio
|choice|switch 5|move curse
|
|switch|p1a: Miltank|Miltank, F|393\/393
|move|p2a: Steelix|Curse|p2a: Steelix
|-unboost|p2a: Steelix|spe|1
|-boost|p2a: Steelix|atk|1
|-boost|p2a: Steelix|def|1
|
|-heal|p2a: Steelix|305\/353|[from] item: Leftovers
|upkeep
|turn|41
|J|TDK
|J|SOULWIND❄
|J|gorgie
|L|Mysterious M
|J|SweetPosho
|choice|move growl|move earthquake
|
|move|p1a: Miltank|Growl|p2a: Steelix
|-unboost|p2a: Steelix|atk|1
|move|p2a: Steelix|Earthquake|p1a: Miltank
|-damage|p1a: Miltank|297\/393
|
|-heal|p1a: Miltank|321\/393|[from] item: Leftovers
|-heal|p2a: Steelix|327\/353|[from] item: Leftovers
|upkeep
|turn|42
|J|Sas0 ❄️
|J|Tokyo Tom
|J|luckstard
|J|DrReuniclus3
|J|Astamatitos
|J|sam-testings
|J|boudouche
|choice|move milkdrink|move earthquake
|
|move|p1a: Miltank|Milk Drink|p1a: Miltank
|-heal|p1a: Miltank|393\/393
|move|p2a: Steelix|Earthquake|p1a: Miltank
|-damage|p1a: Miltank|287\/393
|
|-heal|p1a: Miltank|311\/393|[from] item: Leftovers
|-heal|p2a: Steelix|349\/353|[from] item: Leftovers
|upkeep
|turn|43
|J|marcop9923
|choice|move growl|switch 4
|
|switch|p2a: Zapdos|Zapdos|383\/383 slp
|move|p1a: Miltank|Growl|p2a: Zapdos
|-unboost|p2a: Zapdos|atk|1
|
|-heal|p1a: Miltank|335\/393|[from] item: Leftovers
|upkeep
|turn|44
|J|temperarious
|J|Moony
|choice|move healbell|move hiddenpower
|
|move|p1a: Miltank|Heal Bell|p1a: Miltank
|-cureteam|p1a: Miltank|[from] move: Heal Bell
|-curestatus|p2a: Zapdos|slp|[msg]
|move|p2a: Zapdos|Hidden Power|p1a: Miltank
|-damage|p1a: Miltank|256\/393
|
|-heal|p1a: Miltank|280\/393|[from] item: Leftovers
|upkeep
|turn|45
|J|Quint ▲
|J|obii ☁️
|L|bluri
|J|BLINGAS
|L|Quint ▲
|choice|switch 4|move thunder
|
|switch|p1a: Steelix|Steelix, M|350\/353
|move|p2a: Zapdos|Thunder|p1a: Steelix
|-immune|p1a: Steelix|[msg]
|
|-heal|p1a: Steelix|353\/353|[from] item: Leftovers
|upkeep
|turn|46
|J|sobjnab
|L|sobjnab
|J|Flaress
|J|Sam
|J|Gjtr
|J|Mazary
|J|Lcans..
|choice|move roar|switch 5
|
|switch|p2a: Snorlax|Snorlax, M|427\/523
|-damage|p2a: Snorlax|362\/523|[from] Spikes
|move|p1a: Steelix|Roar|p2a: Snorlax
|drag|p2a: Zapdos|Zapdos|383\/383
|
|upkeep
|turn|47
|choice|move curse|move hiddenpower
|
|move|p2a: Zapdos|Hidden Power|p1a: Steelix
|-damage|p1a: Steelix|267\/353
|move|p1a: Steelix|Curse|p1a: Steelix
|-unboost|p1a: Steelix|spe|1
|-boost|p1a: Steelix|atk|1
|-boost|p1a: Steelix|def|1
|
|-heal|p1a: Steelix|289\/353|[from] item: Leftovers
|upkeep
|turn|48
|L|Mazary
|L|Peasounay
|J|miltankmilk
|choice|switch 5|move hiddenpower
|
|switch|p1a: Snorlax|Snorlax, M|523\/523
|move|p2a: Zapdos|Hidden Power|p1a: Snorlax
|-damage|p1a: Snorlax|461\/523
|
|-heal|p1a: Snorlax|493\/523|[from] item: Leftovers
|upkeep
|turn|49
|J|Mazary
|J|levi
|J|liberty32
|J|Advantage
|J|Peasounay
|J|sobjnab
|J|Seeergi
|J|Obliviate
|L|sobjnab
|J|finally✿
|J|hyogafodex
|J|Mysterious M
|J|Hayburner
|J|ZoroDark
|L|urban
|J|ProfMC
|J|Blackoblivion
|J|Quint ▲
|J|smurfer
|J|Jimmy Turtwig
|J|Danz 1
|choice|move earthquake|switch 4
|
|switch|p2a: Steelix|Steelix, M|349\/353
|-damage|p2a: Steelix|305\/353|[from] Spikes
|move|p1a: Snorlax|Earthquake|p2a: Steelix
|-supereffective|p2a: Steelix
|-damage|p2a: Steelix|199\/353
|
|-heal|p1a: Snorlax|523\/523|[from] item: Leftovers
|-heal|p2a: Steelix|221\/353|[from] item: Leftovers
|upkeep
|turn|50
|J|B KC
|L|Danz 1
|J|Eo
|L|Gjtr
|J|sobjnab
|J|blunderr
|choice|switch 2|switch 6
|
|switch|p1a: Cloyster|Cloyster, M|303\/303
|switch|p2a: Machamp|Machamp, M|335\/383
|-damage|p2a: Machamp|288\/383|[from] Spikes
|
|-heal|p2a: Machamp|311\/383|[from] item: Leftovers
|upkeep
|turn|51
|L|Mazary
|J|Mounts
|L|Mounts
|L|Bouff
|J|Brancus
|L|Brancus
|choice|move toxic|switch 4
|
|switch|p2a: Zapdos|Zapdos|383\/383
|move|p1a: Cloyster|Toxic|p2a: Zapdos
|-status|p2a: Zapdos|tox
|
|upkeep
|turn|52
|choice|switch 5|move thunder
|
|switch|p1a: Steelix|Steelix, M|289\/353
|move|p2a: Zapdos|Thunder|p1a: Steelix
|-immune|p1a: Steelix|[msg]
|-damage|p2a: Zapdos|360\/383 tox|[from] tox|[of] p1a: Steelix
|
|-heal|p2a: Zapdos|383\/383 tox|[from] item: Leftovers
|-heal|p1a: Steelix|311\/353|[from] item: Leftovers
|upkeep
|turn|53
|L|Disjunction
|J|madoka半糖主义
|J|OP
|J|Malekith ☆__☆
|L|Sas0 ❄️
|J|Icy Snoo
|choice|switch 2|switch 5
|
|switch|p2a: Snorlax|Snorlax, M|362\/523
|-damage|p2a: Snorlax|297\/523|[from] Spikes
|switch|p1a: Snorlax|Snorlax, M|523\/523
|
|-heal|p2a: Snorlax|329\/523|[from] item: Leftovers
|upkeep
|turn|54
|J|Mr.378
|J|Gjtr
|L|Mysterious M
|choice|switch 5|move lovelykiss
|
|switch|p1a: Cloyster|Cloyster, M|303\/303
|move|p2a: Snorlax|Lovely Kiss|p1a: Cloyster|[miss]
|-miss|p2a: Snorlax|p1a: Cloyster
|
|-heal|p2a: Snorlax|361\/523|[from] item: Leftovers
|upkeep
|turn|55
|J|Mounts
|J|FLCL
|choice|move surf|switch 5
|
|switch|p2a: Zapdos|Zapdos|383\/383 tox
|-status|p2a: Zapdos|psn
|-damage|p2a: Zapdos|336\/383 psn|[from] psn
|move|p1a: Cloyster|Surf|p2a: Zapdos
|-damage|p2a: Zapdos|232\/383 psn
|
|-heal|p2a: Zapdos|255\/383 psn|[from] item: Leftovers
|upkeep
|turn|56
|L|sobjnab
|choice|switch 5|switch 5
|
|switch|p2a: Snorlax|Snorlax, M|361\/523
|-damage|p2a: Snorlax|296\/523|[from] Spikes
|switch|p1a: Snorlax|Snorlax, M|523\/523
|
|-heal|p2a: Snorlax|328\/523|[from] item: Leftovers
|upkeep
|turn|57
|choice|switch 5|move lovelykiss
|
|switch|p1a: Cloyster|Cloyster, M|303\/303
|move|p2a: Snorlax|Lovely Kiss|p1a: Cloyster
|-status|p1: Cloyster|slp
|
|-heal|p2a: Snorlax|360\/523|[from] item: Leftovers
|upkeep
|turn|58
|J|hear my plea
|choice|switch 2|move return
|
|switch|p1a: Steelix|Steelix, M|311\/353
|move|p2a: Snorlax|Return|p1a: Steelix
|-resisted|p1a: Steelix
|-damage|p1a: Steelix|273\/353
|
|-heal|p1a: Steelix|295\/353|[from] item: Leftovers
|-heal|p2a: Snorlax|392\/523|[from] item: Leftovers
|upkeep
|turn|59
|choice|switch 4|move return
|
|switch|p1a: Miltank|Miltank, F|280\/393
|move|p2a: Snorlax|Return|p1a: Miltank
|-crit|p1a: Miltank
|-damage|p1a: Miltank|56\/393
|
|-heal|p1a: Miltank|80\/393|[from] item: Leftovers
|-heal|p2a: Snorlax|424\/523|[from] item: Leftovers
|upkeep
|turn|60
|J|Bouff
|choice|move milkdrink|switch 4
|
|switch|p2a: Machamp|Machamp, M|311\/383
|-damage|p2a: Machamp|264\/383|[from] Spikes
|move|p1a: Miltank|Milk Drink|p1a: Miltank
|-heal|p1a: Miltank|277\/393
|
|-heal|p1a: Miltank|301\/393|[from] item: Leftovers
|-heal|p2a: Machamp|287\/383|[from] item: Leftovers
|upkeep
|turn|61
|J|zebraiken
|J|PassablyFleek
|choice|switch 3|move earthquake
|
|switch|p1a: Starmie|Starmie|263\/323
|move|p2a: Machamp|Earthquake|p1a: Starmie
|-damage|p1a: Starmie|153\/323
|
|-heal|p1a: Starmie|173\/323|[from] item: Leftovers
|-heal|p2a: Machamp|310\/383|[from] item: Leftovers
|upkeep
|turn|62
|J|GET THIS MONEY
|L|GET THIS MONEY
|choice|move recover|move earthquake
|
|move|p1a: Starmie|Recover|p1a: Starmie
|-heal|p1a: Starmie|323\/323
|move|p2a: Machamp|Earthquake|p1a: Starmie
|-damage|p1a: Starmie|212\/323
|
|-heal|p1a: Starmie|232\/323|[from] item: Leftovers
|-heal|p2a: Machamp|333\/383|[from] item: Leftovers
|upkeep
|turn|63
|L|TriAnGlezZ
|choice|move psychic|switch 4
|
|switch|p2a: Snorlax|Snorlax, M|424\/523
|-damage|p2a: Snorlax|359\/523|[from] Spikes
|move|p1a: Starmie|Psychic|p2a: Snorlax
|-damage|p2a: Snorlax|253\/523
|
|-heal|p1a: Starmie|252\/323|[from] item: Leftovers
|-heal|p2a: Snorlax|285\/523|[from] item: Leftovers
|upkeep
|turn|64
|J|Mysterious M
|choice|switch 3|move fireblast
|
|switch|p1a: Miltank|Miltank, F|301\/393
|move|p2a: Snorlax|Fire Blast|p1a: Miltank
|-damage|p1a: Miltank|205\/393
|
|-heal|p1a: Miltank|229\/393|[from] item: Leftovers
|-heal|p2a: Snorlax|317\/523|[from] item: Leftovers
|upkeep
|turn|65
|choice|move milkdrink|switch 5
|
|switch|p2a: Zapdos|Zapdos|255\/383 psn
|-damage|p2a: Zapdos|208\/383 psn|[from] psn
|move|p1a: Miltank|Milk Drink|p1a: Miltank
|-heal|p1a: Miltank|393\/393
|
|-heal|p2a: Zapdos|231\/383 psn|[from] item: Leftovers
|upkeep
|turn|66
|L|Obliviate
|choice|switch 4|move hiddenpower
|
|switch|p1a: Steelix|Steelix, M|295\/353
|move|p2a: Zapdos|Hidden Power|p1a: Steelix
|-damage|p1a: Steelix|208\/353
|-damage|p2a: Zapdos|184\/383 psn|[from] psn|[of] p1a: Steelix
|
|-heal|p2a: Zapdos|207\/383 psn|[from] item: Leftovers
|-heal|p1a: Steelix|230\/353|[from] item: Leftovers
|upkeep
|turn|67
|J|papai noel
|choice|switch 5|move hiddenpower
|
|switch|p1a: Snorlax|Snorlax, M|523\/523
|move|p2a: Zapdos|Hidden Power|p1a: Snorlax
|-damage|p1a: Snorlax|461\/523
|-damage|p2a: Zapdos|160\/383 psn|[from] psn|[of] p1a: Snorlax
|
|-heal|p2a: Zapdos|183\/383 psn|[from] item: Leftovers
|-heal|p1a: Snorlax|493\/523|[from] item: Leftovers
|upkeep
|turn|68
|choice|move curse|switch 4
|
|switch|p2a: Machamp|Machamp, M|333\/383
|-damage|p2a: Machamp|286\/383|[from] Spikes
|move|p1a: Snorlax|Curse|p1a: Snorlax
|-unboost|p1a: Snorlax|spe|1
|-boost|p1a: Snorlax|atk|1
|-boost|p1a: Snorlax|def|1
|
|-heal|p2a: Machamp|309\/383|[from] item: Leftovers
|-heal|p1a: Snorlax|523\/523|[from] item: Leftovers
|upkeep
|turn|69
|L|Mysterious M
|choice|switch 3|move curse
|
|switch|p1a: Starmie|Starmie|252\/323
|move|p2a: Machamp|Curse|p2a: Machamp
|-unboost|p2a: Machamp|spe|1
|-boost|p2a: Machamp|atk|1
|-boost|p2a: Machamp|def|1
|
|-heal|p1a: Starmie|272\/323|[from] item: Leftovers
|-heal|p2a: Machamp|332\/383|[from] item: Leftovers
|upkeep
|turn|70
|J|Lacus Clyne
|choice|move psychic|switch 5
|
|switch|p2a: Snorlax|Snorlax, M|317\/523
|-damage|p2a: Snorlax|252\/523|[from] Spikes
|move|p1a: Starmie|Psychic|p2a: Snorlax
|-damage|p2a: Snorlax|153\/523
|
|-heal|p1a: Starmie|292\/323|[from] item: Leftovers
|-heal|p2a: Snorlax|185\/523|[from] item: Leftovers
|upkeep
|turn|71
|J|Mysterious M
|choice|switch 4|move return
|
|switch|p1a: Miltank|Miltank, F|393\/393
|move|p2a: Snorlax|Return|p1a: Miltank
|-crit|p1a: Miltank
|-damage|p1a: Miltank|138\/393
|
|-heal|p1a: Miltank|162\/393|[from] item: Leftovers
|-heal|p2a: Snorlax|217\/523|[from] item: Leftovers
|upkeep
|turn|72
|c|★Fear|well
|J|urban
|L|Flaress
|choice|move milkdrink|move return
|
|move|p1a: Miltank|Milk Drink|p1a: Miltank
|-heal|p1a: Miltank|359\/393
|move|p2a: Snorlax|Return|p1a: Miltank
|-damage|p1a: Miltank|236\/393
|
|-heal|p1a: Miltank|260\/393|[from] item: Leftovers
|-heal|p2a: Snorlax|249\/523|[from] item: Leftovers
|upkeep
|turn|73
|J|Flaress
|choice|move bodyslam|switch 6
|
|switch|p2a: Steelix|Steelix, M|221\/353
|-damage|p2a: Steelix|177\/353|[from] Spikes
|move|p1a: Miltank|Body Slam|p2a: Steelix
|-resisted|p2a: Steelix
|-damage|p2a: Steelix|153\/353
|
|-heal|p1a: Miltank|284\/393|[from] item: Leftovers
|-heal|p2a: Steelix|175\/353|[from] item: Leftovers
|upkeep
|turn|74
|J|mulgo✘izary
|L|Blackoblivion
|choice|move growl|move curse
|
|move|p1a: Miltank|Growl|p2a: Steelix
|-unboost|p2a: Steelix|atk|1
|move|p2a: Steelix|Curse|p2a: Steelix
|-unboost|p2a: Steelix|spe|1
|-boost|p2a: Steelix|atk|1
|-boost|p2a: Steelix|def|1
|
|-heal|p1a: Miltank|308\/393|[from] item: Leftovers
|-heal|p2a: Steelix|197\/353|[from] item: Leftovers
|upkeep
|turn|75
|choice|move growl|move curse
|
|move|p1a: Miltank|Growl|p2a: Steelix
|-unboost|p2a: Steelix|atk|1
|move|p2a: Steelix|Curse|p2a: Steelix
|-unboost|p2a: Steelix|spe|1
|-boost|p2a: Steelix|atk|1
|-boost|p2a: Steelix|def|1
|
|-heal|p1a: Miltank|332\/393|[from] item: Leftovers
|-heal|p2a: Steelix|219\/353|[from] item: Leftovers
|upkeep
|turn|76
|choice|move growl|move earthquake
|
|move|p1a: Miltank|Growl|p2a: Steelix
|-unboost|p2a: Steelix|atk|1
|move|p2a: Steelix|Earthquake|p1a: Miltank
|-damage|p1a: Miltank|264\/393
|
|-heal|p1a: Miltank|288\/393|[from] item: Leftovers
|-heal|p2a: Steelix|241\/353|[from] item: Leftovers
|upkeep
|turn|77
|L|The Trap God
|choice|move bodyslam|move curse
|
|move|p1a: Miltank|Body Slam|p2a: Steelix
|-resisted|p2a: Steelix
|-damage|p2a: Steelix|227\/353
|move|p2a: Steelix|Curse|p2a: Steelix
|-unboost|p2a: Steelix|spe|1
|-boost|p2a: Steelix|atk|1
|-boost|p2a: Steelix|def|1
|
|-heal|p1a: Miltank|312\/393|[from] item: Leftovers
|-heal|p2a: Steelix|249\/353|[from] item: Leftovers
|upkeep
|turn|78
|choice|move growl|move earthquake
|
|move|p1a: Miltank|Growl|p2a: Steelix
|-unboost|p2a: Steelix|atk|1
|move|p2a: Steelix|Earthquake|p1a: Miltank
|-damage|p1a: Miltank|239\/393
|
|-heal|p1a: Miltank|263\/393|[from] item: Leftovers
|-heal|p2a: Steelix|271\/353|[from] item: Leftovers
|upkeep
|turn|79
|J|The Trap God
|J|gefrusfh
|J|ggggd
|choice|move bodyslam|move curse
|
|move|p1a: Miltank|Body Slam|p2a: Steelix
|-crit|p2a: Steelix
|-resisted|p2a: Steelix
|-damage|p2a: Steelix|220\/353
|move|p2a: Steelix|Curse|p2a: Steelix
|-unboost|p2a: Steelix|spe|1
|-boost|p2a: Steelix|atk|1
|-boost|p2a: Steelix|def|1
|
|-heal|p1a: Miltank|287\/393|[from] item: Leftovers
|-heal|p2a: Steelix|242\/353|[from] item: Leftovers
|upkeep
|turn|80
|L|dodrio
|choice|move growl|switch 4
|
|switch|p2a: Zapdos|Zapdos|183\/383 psn
|-damage|p2a: Zapdos|136\/383 psn|[from] psn
|move|p1a: Miltank|Growl|p2a: Zapdos
|-unboost|p2a: Zapdos|atk|1
|
|-heal|p1a: Miltank|311\/393|[from] item: Leftovers
|-heal|p2a: Zapdos|159\/383 psn|[from] item: Leftovers
|upkeep
|turn|81
|J|cap7falcons
|L|OP
|choice|switch 3|move rest
|
|switch|p1a: Snorlax|Snorlax, M|523\/523
|move|p2a: Zapdos|Rest|p2a: Zapdos
|-status|p2: Zapdos|slp
|-heal|p2a: Zapdos|383\/383 slp|[silent]
|-status|p2a: Zapdos|slp|[from] move: Rest
|
|upkeep
|turn|82
|L|Ernes
|choice|move doubleedge|move sleeptalk
|
|cant|p2: Zapdos|slp
|move|p2a: Zapdos|Sleep Talk|p2a: Zapdos
|move|p2a: Zapdos|Rest|p2a: Zapdos|[from]Sleep Talk
|-fail|p2a: Zapdos
|move|p1a: Snorlax|Double-Edge|p2a: Zapdos
|-damage|p2a: Zapdos|216\/383 slp
|-damage|p1a: Snorlax|482\/523|[from] recoil|[of] p2a: Zapdos
|
|-heal|p2a: Zapdos|239\/383 slp|[from] item: Leftovers
|-heal|p1a: Snorlax|514\/523|[from] item: Leftovers
|upkeep
|turn|83
|L|Advantage
|choice|move doubleedge|switch 5
|
|switch|p2a: Machamp|Machamp, M|332\/383
|-damage|p2a: Machamp|285\/383|[from] Spikes
|move|p1a: Snorlax|Double-Edge|p2a: Machamp
|-damage|p2a: Machamp|111\/383
|-damage|p1a: Snorlax|471\/523|[from] recoil|[of] p2a: Machamp
|
|-heal|p2a: Machamp|134\/383|[from] item: Leftovers
|-heal|p1a: Snorlax|503\/523|[from] item: Leftovers
|upkeep
|turn|84
|L|Sken
|choice|switch 4|switch 6
|
|switch|p2a: Snorlax|Snorlax, M|249\/523
|-damage|p2a: Snorlax|184\/523|[from] Spikes
|switch|p1a: Starmie|Starmie|292\/323
|
|-heal|p1a: Starmie|312\/323|[from] item: Leftovers
|-heal|p2a: Snorlax|216\/523|[from] item: Leftovers
|upkeep
|turn|85
|choice|switch 3|move return
|
|switch|p1a: Miltank|Miltank, F|311\/393
|move|p2a: Snorlax|Return|p1a: Miltank
|-damage|p1a: Miltank|182\/393
|
|-heal|p1a: Miltank|206\/393|[from] item: Leftovers
|-heal|p2a: Snorlax|248\/523|[from] item: Leftovers
|upkeep
|turn|86
|choice|move milkdrink|move return
|
|move|p1a: Miltank|Milk Drink|p1a: Miltank
|-heal|p1a: Miltank|393\/393
|move|p2a: Snorlax|Return|p1a: Miltank
|-damage|p1a: Miltank|269\/393
|
|-heal|p1a: Miltank|293\/393|[from] item: Leftovers
|-heal|p2a: Snorlax|280\/523|[from] item: Leftovers
|upkeep
|turn|87
|J|Benbe
|choice|move bodyslam|switch 5
|
|switch|p2a: Zapdos|Zapdos|239\/383 slp
|move|p1a: Miltank|Body Slam|p2a: Zapdos
|-damage|p2a: Zapdos|133\/383 slp
|
|-heal|p1a: Miltank|317\/393|[from] item: Leftovers
|-heal|p2a: Zapdos|156\/383 slp|[from] item: Leftovers
|upkeep
|turn|88
|L|Lcans..
|choice|switch 4|move sleeptalk
|
|switch|p1a: Snorlax|Snorlax, M|503\/523
|cant|p2: Zapdos|slp
|move|p2a: Zapdos|Sleep Talk|p2a: Zapdos
|move|p2a: Zapdos|Rest|p2a: Zapdos|[from]Sleep Talk
|-heal|p2a: Zapdos|383\/383 slp|[silent]
|-status|p2a: Zapdos|slp|[from] move: Rest
|
|-heal|p1a: Snorlax|523\/523|[from] item: Leftovers
|upkeep
|turn|89
|L|Hayburner
|choice|move curse|switch 4
|
|switch|p2a: Steelix|Steelix, M|242\/353
|-damage|p2a: Steelix|198\/353|[from] Spikes
|move|p1a: Snorlax|Curse|p1a: Snorlax
|-unboost|p1a: Snorlax|spe|1
|-boost|p1a: Snorlax|atk|1
|-boost|p1a: Snorlax|def|1
|
|-heal|p2a: Steelix|220\/353|[from] item: Leftovers
|upkeep
|turn|90
|L|Peasounay
|L|Mysterious M
|choice|move earthquake|move roar
|
|move|p1a: Snorlax|Earthquake|p2a: Steelix
|-supereffective|p2a: Steelix
|-damage|p2a: Steelix|69\/353
|move|p2a: Steelix|Roar|p1a: Snorlax
|drag|p1a: Miltank|Miltank, F|317\/393
|
|-heal|p1a: Miltank|341\/393|[from] item: Leftovers
|-heal|p2a: Steelix|91\/353|[from] item: Leftovers
|upkeep
|turn|91
|L|hear my plea
|choice|move growl|move explosion
|
|move|p1a: Miltank|Growl|p2a: Steelix
|-unboost|p2a: Steelix|atk|1
|move|p2a: Steelix|Explosion|p1a: Miltank
|-crit|p1a: Miltank
|-damage|p1a: Miltank|0 fnt
|faint|p1a: Miltank
|faint|p2a: Steelix
|c|★Fear|FFS
|J|Sken
|J|rnbs
|J|Luispeikou ͜..
|J|Vertex
|L|yohoE
|L|B KC
|L|Vertex
|choice|switch 3|switch 5
|
|switch|p1a: Starmie|Starmie|312\/323
|switch|p2a: Snorlax|Snorlax, M|280\/523
|-damage|p2a: Snorlax|215\/523|[from] Spikes
|
|-heal|p1a: Starmie|323\/323|[from] item: Leftovers
|-heal|p2a: Snorlax|247\/523|[from] item: Leftovers
|upkeep
|turn|92
|J|Tony
|L|Luispeikou ͜..
|J|B KC
|J|bad ass
|choice|move psychic|move fireblast
|
|move|p1a: Starmie|Psychic|p2a: Snorlax
|-damage|p2a: Snorlax|145\/523
|move|p2a: Snorlax|Fire Blast|p1a: Starmie
|-resisted|p1a: Starmie
|-damage|p1a: Starmie|286\/323
|
|-heal|p1a: Starmie|306\/323|[from] item: Leftovers
|-heal|p2a: Snorlax|177\/523|[from] item: Leftovers
|upkeep
|turn|93
|L|marcop9923
|J|Hayburner
|J|Mysterious M
|J|Chakra ジオ
|choice|switch 2|move selfdestruct
|
|switch|p1a: Cloyster|Cloyster, M|303\/303 slp
|move|p2a: Snorlax|Self-Destruct|p1a: Cloyster
|-damage|p1a: Cloyster|0 fnt
|faint|p1a: Cloyster
|faint|p2a: Snorlax
|L|Mysterious M
|choice|switch 4|switch 2
|
|switch|p2a: Typhlosion|Typhlosion, M|359\/359
|switch|p1a: Snorlax|Snorlax, M|523\/523
|-damage|p2a: Typhlosion|315\/359|[from] Spikes
|
|-heal|p2a: Typhlosion|337\/359|[from] item: Leftovers
|upkeep
|turn|94
|L|Chakra ジオ
|choice|move doubleedge|move dynamicpunch
|
|move|p2a: Typhlosion|Dynamic Punch|p1a: Snorlax
|-supereffective|p1a: Snorlax
|-damage|p1a: Snorlax|330\/523
|-start|p1a: Snorlax|confusion
|-activate|p1a: Snorlax|confusion
|-damage|p1a: Snorlax|286\/523|[from] confusion
|
|-heal|p2a: Typhlosion|359\/359|[from] item: Leftovers
|-heal|p1a: Snorlax|318\/523|[from] item: Leftovers
|upkeep
|turn|95
|choice|switch 2|move hiddenpower
|
|switch|p1a: Starmie|Starmie|306\/323
|move|p2a: Typhlosion|Hidden Power|p1a: Starmie
|-supereffective|p1a: Starmie
|-damage|p1a: Starmie|170\/323
|
|-heal|p1a: Starmie|190\/323|[from] item: Leftovers
|upkeep
|turn|96
|J|bbeeaa
|J|Vertex
|J|Becks
|J|Fish18
|L|Becks
|J|contorted lies
|choice|switch 2|move dynamicpunch
|
|switch|p1a: Snorlax|Snorlax, M|318\/523
|move|p2a: Typhlosion|Dynamic Punch|p1a: Snorlax
|-supereffective|p1a: Snorlax
|-damage|p1a: Snorlax|127\/523
|-start|p1a: Snorlax|confusion
|
|-heal|p1a: Snorlax|159\/523|[from] item: Leftovers
|upkeep
|turn|97
|choice|switch 2|move fireblast
|
|switch|p1a: Starmie|Starmie|190\/323
|move|p2a: Typhlosion|Fire Blast|p1a: Starmie
|-resisted|p1a: Starmie
|-damage|p1a: Starmie|107\/323
|
|-heal|p1a: Starmie|127\/323|[from] item: Leftovers
|upkeep
|turn|98
|choice|move recover|switch 4
|
|switch|p2a: Zapdos|Zapdos|383\/383 slp
|move|p1a: Starmie|Recover|p1a: Starmie
|-heal|p1a: Starmie|289\/323
|
|-heal|p1a: Starmie|309\/323|[from] item: Leftovers
|upkeep
|turn|99
|J|Isa
|J|OP
|choice|switch 5|move sleeptalk
|
|switch|p1a: Steelix|Steelix, M|230\/353
|cant|p2: Zapdos|slp
|move|p2a: Zapdos|Sleep Talk|p2a: Zapdos
|move|p2a: Zapdos|Thunder|p1a: Steelix|[from]Sleep Talk
|-immune|p1a: Steelix|[msg]
|
|-heal|p1a: Steelix|252\/353|[from] item: Leftovers
|upkeep
|turn|100
|J|sobjnab
|choice|move curse|move hiddenpower
|
|cant|p2: Zapdos|slp
|move|p1a: Steelix|Curse|p1a: Steelix
|-unboost|p1a: Steelix|spe|1
|-boost|p1a: Steelix|atk|1
|-boost|p1a: Steelix|def|1
|
|-heal|p1a: Steelix|274\/353|[from] item: Leftovers
|upkeep
|turn|101
|J|marcop9923
|J|xtra
|L|p2
|J|Disjunction
|J|bvbforevaaa
|J|p2
|L|GOAO
|L|bvbforevaaa
|choice|move curse|switch 6
|
|switch|p2a: Machamp|Machamp, M|134\/383
|-damage|p2a: Machamp|87\/383|[from] Spikes
|move|p1a: Steelix|Curse|p1a: Steelix
|-unboost|p1a: Steelix|spe|1
|-boost|p1a: Steelix|atk|1
|-boost|p1a: Steelix|def|1
|
|-heal|p2a: Machamp|110\/383|[from] item: Leftovers
|-heal|p1a: Steelix|296\/353|[from] item: Leftovers
|upkeep
|turn|102
|choice|move irontail|move crosschop
|
|move|p2a: Machamp|Cross Chop|p1a: Steelix
|-supereffective|p1a: Steelix
|-damage|p1a: Steelix|214\/353
|move|p1a: Steelix|Iron Tail|p2a: Machamp
|-damage|p2a: Machamp|0 fnt
|faint|p2a: Machamp
|choice||switch 4
|
|switch|p2a: Typhlosion|Typhlosion, M|359\/359
|-damage|p2a: Typhlosion|315\/359|[from] Spikes
|
|-heal|p2a: Typhlosion|337\/359|[from] item: Leftovers
|-heal|p1a: Steelix|236\/353|[from] item: Leftovers
|upkeep
|turn|103
|J|Subject 18
|J|Derk ❄‿✘
|choice|switch 5|move fireblast
|
|switch|p1a: Starmie|Starmie|309\/323
|move|p2a: Typhlosion|Fire Blast|p1a: Starmie
|-crit|p1a: Starmie
|-resisted|p1a: Starmie
|-damage|p1a: Starmie|160\/323
|
|-heal|p1a: Starmie|180\/323|[from] item: Leftovers
|-heal|p2a: Typhlosion|359\/359|[from] item: Leftovers
|upkeep
|turn|104
|L|Benbe
|J|GOAO
|L|GOAO
|L|MetalGro$$
|choice|move recover|move dynamicpunch
|
|move|p1a: Starmie|Recover|p1a: Starmie
|-heal|p1a: Starmie|323\/323
|move|p2a: Typhlosion|Dynamic Punch|p1a: Starmie
|-resisted|p1a: Starmie
|-damage|p1a: Starmie|285\/323
|-start|p1a: Starmie|confusion
|
|-heal|p1a: Starmie|305\/323|[from] item: Leftovers
|upkeep
|turn|105
|J|z0mOG
|J|Mysterious M
|J|hamhamhamham
|J|ToxaFLEX
|J|GOAO
|choice|move surf|move fireblast
|
|-activate|p1a: Starmie|confusion
|move|p1a: Starmie|Surf|p2a: Typhlosion
|-supereffective|p2a: Typhlosion
|-damage|p2a: Typhlosion|91\/359
|move|p2a: Typhlosion|Fire Blast|p1a: Starmie
|-resisted|p1a: Starmie
|-damage|p1a: Starmie|218\/323
|
|-heal|p1a: Starmie|238\/323|[from] item: Leftovers
|-heal|p2a: Typhlosion|113\/359|[from] item: Leftovers
|upkeep
|turn|106
|J|STEAL THOSE TEAMS
|J|Sauga
|L|Mysterious M
|choice|move surf|move fireblast
|
|-end|p1a: Starmie|confusion
|move|p1a: Starmie|Surf|p2a: Typhlosion
|-supereffective|p2a: Typhlosion
|-damage|p2a: Typhlosion|0 fnt
|faint|p2a: Typhlosion
|choice||switch 6
|
|switch|p2a: Zapdos|Zapdos|383\/383 slp
|
|-heal|p1a: Starmie|258\/323|[from] item: Leftovers
|upkeep
|turn|107
|L|levi
|J|valentine
|c|★Fear|gg
|choice|switch 5|move thunder
|
|switch|p1a: Steelix|Steelix, M|236\/353
|-curestatus|p2a: Zapdos|slp|[msg]
|move|p2a: Zapdos|Thunder|p1a: Steelix
|-immune|p1a: Steelix|[msg]
|
|-heal|p1a: Steelix|258\/353|[from] item: Leftovers
|upkeep
|turn|108
|J|dirty mind
|J|dk(~˘▾˘)~
|L|Bughouse
|choice|move curse|move hiddenpower
|
|move|p2a: Zapdos|Hidden Power|p1a: Steelix
|-damage|p1a: Steelix|167\/353
|move|p1a: Steelix|Curse|p1a: Steelix
|-unboost|p1a: Steelix|spe|1
|-boost|p1a: Steelix|atk|1
|-boost|p1a: Steelix|def|1
|
|-heal|p1a: Steelix|189\/353|[from] item: Leftovers
|upkeep
|turn|109
|J|ILosetoLuckorStall
|choice|move rest|move hiddenpower
|
|move|p2a: Zapdos|Hidden Power|p1a: Steelix
|-damage|p1a: Steelix|112\/353
|move|p1a: Steelix|Rest|p1a: Steelix
|-status|p1: Steelix|slp
|-heal|p1a: Steelix|353\/353 slp|[silent]
|-status|p1a: Steelix|slp|[from] move: Rest
|
|upkeep
|turn|110
|L|BLINGAS
|J|klefkiholder
|L|B KC
|J|FREE TENTACION
|choice|move curse|move hiddenpower
|
|move|p2a: Zapdos|Hidden Power|p1a: Steelix
|-damage|p1a: Steelix|273\/353 slp
|cant|p1: Steelix|slp
|
|-heal|p1a: Steelix|295\/353 slp|[from] item: Leftovers
|upkeep
|turn|111
|choice|move curse|move hiddenpower
|
|move|p2a: Zapdos|Hidden Power|p1a: Steelix
|-damage|p1a: Steelix|217\/353 slp
|cant|p1: Steelix|slp
|
|-heal|p1a: Steelix|239\/353 slp|[from] item: Leftovers
|upkeep
|turn|112
|L|THE PDC SHOW
|L|STEAL THOSE TEAMS
|choice|move curse|move hiddenpower
|
|move|p2a: Zapdos|Hidden Power|p1a: Steelix
|-damage|p1a: Steelix|157\/353 slp
|-curestatus|p1a: Steelix|slp|[msg]
|move|p1a: Steelix|Curse|p1a: Steelix
|-unboost|p1a: Steelix|spe|1
|-boost|p1a: Steelix|atk|1
|-boost|p1a: Steelix|def|1
|
|-heal|p1a: Steelix|179\/353|[from] item: Leftovers
|upkeep
|turn|113
|J|STEAL THOSE TEAMS
|L|Hayburner
|J|Bushtush
|choice|move rest|move hiddenpower
|
|move|p2a: Zapdos|Hidden Power|p1a: Steelix
|-damage|p1a: Steelix|91\/353
|move|p1a: Steelix|Rest|p1a: Steelix
|-status|p1: Steelix|slp
|-heal|p1a: Steelix|353\/353 slp|[silent]
|-status|p1a: Steelix|slp|[from] move: Rest
|
|upkeep
|turn|114
|L|Sauga
|J|dodmen
|choice|move curse|move hiddenpower
|
|move|p2a: Zapdos|Hidden Power|p1a: Steelix
|-damage|p1a: Steelix|274\/353 slp
|cant|p1: Steelix|slp
|
|-heal|p1a: Steelix|296\/353 slp|[from] item: Leftovers
|upkeep
|turn|115
|L|Anty
|J|paper dreams
|choice|move curse|move hiddenpower
|
|move|p2a: Zapdos|Hidden Power|p1a: Steelix
|-damage|p1a: Steelix|217\/353 slp
|cant|p1: Steelix|slp
|
|-heal|p1a: Steelix|239\/353 slp|[from] item: Leftovers
|upkeep
|turn|116
|J|Karppi
|choice|move rest|move hiddenpower
|
|move|p2a: Zapdos|Hidden Power|p1a: Steelix
|-damage|p1a: Steelix|156\/353 slp
|-curestatus|p1a: Steelix|slp|[msg]
|move|p1a: Steelix|Rest|p1a: Steelix
|-status|p1: Steelix|slp
|-heal|p1a: Steelix|353\/353 slp|[silent]
|-status|p1a: Steelix|slp|[from] move: Rest
|
|upkeep
|turn|117
|L|blunderr
|L|mulgo✘izary
|L|Celysi
|choice|move curse|move hiddenpower
|
|move|p2a: Zapdos|Hidden Power|p1a: Steelix
|-damage|p1a: Steelix|265\/353 slp
|cant|p1: Steelix|slp
|
|-heal|p1a: Steelix|287\/353 slp|[from] item: Leftovers
|upkeep
|turn|118
|J|mulgo✘izary
|L|urban
|choice|move curse|move hiddenpower
|
|move|p2a: Zapdos|Hidden Power|p1a: Steelix
|-damage|p1a: Steelix|206\/353 slp
|cant|p1: Steelix|slp
|
|-heal|p1a: Steelix|228\/353 slp|[from] item: Leftovers
|upkeep
|turn|119
|L|Rumor
|L|ProfMC
|J|THE PDC SHOW
|choice|move curse|move hiddenpower
|
|move|p2a: Zapdos|Hidden Power|p1a: Steelix
|-damage|p1a: Steelix|148\/353 slp
|-curestatus|p1a: Steelix|slp|[msg]
|move|p1a: Steelix|Curse|p1a: Steelix
|-unboost|p1a: Steelix|spe|1
|-boost|p1a: Steelix|atk|1
|-boost|p1a: Steelix|def|1
|
|-heal|p1a: Steelix|170\/353|[from] item: Leftovers
|upkeep
|turn|120
|L|z0mOG
|J|ProfMC
|choice|move rest|move hiddenpower
|
|move|p2a: Zapdos|Hidden Power|p1a: Steelix
|-damage|p1a: Steelix|85\/353
|move|p1a: Steelix|Rest|p1a: Steelix
|-status|p1: Steelix|slp
|-heal|p1a: Steelix|353\/353 slp|[silent]
|-status|p1a: Steelix|slp|[from] move: Rest
|
|upkeep
|turn|121
|choice|move curse|move hiddenpower
|
|move|p2a: Zapdos|Hidden Power|p1a: Steelix
|-damage|p1a: Steelix|265\/353 slp
|cant|p1: Steelix|slp
|
|-heal|p1a: Steelix|287\/353 slp|[from] item: Leftovers
|upkeep
|turn|122
|choice|move curse|move hiddenpower
|
|move|p2a: Zapdos|Hidden Power|p1a: Steelix
|-damage|p1a: Steelix|205\/353 slp
|cant|p1: Steelix|slp
|
|-heal|p1a: Steelix|227\/353 slp|[from] item: Leftovers
|upkeep
|turn|123
|L|liberty32
|J|liberty32
|choice|move rest|move hiddenpower
|
|move|p2a: Zapdos|Hidden Power|p1a: Steelix
|-damage|p1a: Steelix|140\/353 slp
|-curestatus|p1a: Steelix|slp|[msg]
|move|p1a: Steelix|Rest|p1a: Steelix
|-status|p1: Steelix|slp
|-heal|p1a: Steelix|353\/353 slp|[silent]
|-status|p1a: Steelix|slp|[from] move: Rest
|
|upkeep
|turn|124
|J|Bughouse
|choice|move curse|move hiddenpower
|
|move|p2a: Zapdos|Hidden Power|p1a: Steelix
|-damage|p1a: Steelix|264\/353 slp
|cant|p1: Steelix|slp
|
|-heal|p1a: Steelix|286\/353 slp|[from] item: Leftovers
|upkeep
|turn|125
|choice|move curse|move hiddenpower
|
|move|p2a: Zapdos|Hidden Power|p1a: Steelix
|-damage|p1a: Steelix|198\/353 slp
|cant|p1: Steelix|slp
|
|-heal|p1a: Steelix|220\/353 slp|[from] item: Leftovers
|upkeep
|turn|126
|J|TSR
|-message|Bomber forfeited.
|
|win|Fear
|player|p1
|player|p2
|L|Bomber
|L|We Three Kings
|L|Esteemed User ツ
|L|The Idiot Ninja
|L|Snou
|L|madoka半糖主义
|L|M Dragon
|L|STEAL THOSE TEAMS
|L|Tricking
|L|Raiza
|L|HiImThao
|L|stay w0ke
|L|ToxaFLEX
|L|hyogafodex
|L|Analytic
|L|Eo
|L|reyscarface
|L|xtra
|L|valentine
|L|p2
|L|Bughouse
|L|Vertex
|L|paper dreams
|L|ProfMC
|L|sobjnab
|L|Roro
|L|bad ass
|L|Eternal Spirit@
|L|FREE TENTACION
|L|luckstard
|L|Astamatitos
|L|Updated Kanto
|L|Vileman
|L|Syl♥ie Lyyneheym
|L|smurfer
|L|mulgo✘izary
|L|marcop9923
|L|miltankmilk
|L|ChillShadow
|L|starmaster
|L|Foggi キング
|L|obii ☁️
|J|madoka半糖主义
|L|sam-testings
|L|madoka半糖主义
|L|papai noel
|L|Vinc2612
|L|tamahome
|L|THE PDC SHOW
|L|dice
|L|Cdumas
|J|Mazary
|J|Vertex
|L|Malekith ☆__☆
|L|SweetPosho
|L|Disjunction
|L|ict
|L|The Trap God
|L|LUCK>SKILL
|L|Mazary
|L|Freeroamer
|L|Gjtr</script>
</div>
<div class="battle-log battle-log-inline"><div class="inner"><div class="battle-options"></div><div class="inner"><div class="chat message-error">Battle timer is ON: inactive players will automatically lose when time's up.</div><div class=""><small>Format:</small> <br><strong>[Gen 2] OU</strong></div><div class=""><small><em>Sleep Clause Mod:</em> Limit one foe put to sleep</small></div><div class=""><small><em>Species Clause:</em> Limit one of each Pokémon</small></div><div class=""><small><em>OHKO Clause:</em> OHKO moves are banned</small></div><div class=""><small><em>Evasion Moves Clause:</em> Evasion moves are banned</small></div><div class=""><small><em>HP Percentage Mod:</em> HP is shown in percentages</small></div><div class="spacer battle-history"><br></div><div class="battle-history">Battle started between Fear and Bomber!<br></div><div class="spacer battle-history"><br></div><div class="battle-history">Go! <strong>Raikou</strong>!<br></div><div class="spacer battle-history"><br></div><div class="battle-history">Bomber sent out <strong>Zapdos</strong>!<br></div><div class="spacer battle-history"><br></div><h2 class="battle-history">Turn 1</h2><div class="chat chatmessage-rumor"><strong style="color:#43809c"><small>+</small><span class="username" data-name="Rumor">Rumor</span>:</strong> <em>GO BOMBER</em></div><div class="chat chatmessage-bomber"><strong style="color:#ae4798"><small>★</small><span class="username" data-name="Bomber">Bomber</span>:</strong> <em>hf</em></div><div class="chat"><div class="broadcast-red"><b>Moderated chat was set to @!</b><br>Only users of rank @ and higher can talk.</div></div><div class="spacer battle-history"><br></div><div class="battle-history">Raikou used <strong>Hidden Power</strong>!<br></div><div class="battle-history"><small>It's super effective!</small><br></div><div class="battle-history"><small>(The opposing Zapdos lost <abbr title="−124/383">32.4%</abbr> of its health!)</small><br></div><div class="spacer battle-history"><br></div><div class="battle-history">The opposing Zapdos used <strong>Thunder</strong>!<br></div><div class="battle-history"><small>Raikou avoided the attack!</small><br></div><div class="spacer battle-history"><br></div><div class="battle-history"><small>The opposing Zapdos restored a little HP using its Leftovers!</small><br></div><div class="spacer battle-history"><br></div><h2 class="battle-history">Turn 2</h2><div class="spacer battle-history"><br></div><div class="battle-history">Bomber withdrew Zapdos!<br></div><div class="battle-history">Bomber sent out <strong>Steelix</strong>!<br></div><div class="spacer battle-history"><br></div><div class="battle-history">Raikou used <strong>Thunder</strong>!<br></div><div class="battle-history"><small>It doesn't affect the opposing Steelix...</small><br></div><div class="spacer battle-history"><br></div><h2 class="battle-history">Turn 3</h2><div class="spacer battle-history"><br></div><div class="battle-history">Raikou, come back!<br></div><div class="battle-history">Go! <strong>Cloyster</strong>!<br></div><div class="spacer battle-history"><br></div><div class="battle-history">The opposing Steelix used <strong>Roar</strong>!<br></div><div class="spacer battle-history"><br></div><div class="battle-history"><strong>Steelix</strong> was dragged out!<br></div><div class="spacer battle-history"><br></div><h2 class="battle-history">Turn 4</h2><div class="spacer battle-history"><br></div><div class="battle-history">Steelix, come back!<br></div><div class="battle-history">Go! <strong>Cloyster</strong>!<br></div><div class="spacer battle-history"><br></div><div class="battle-history">Bomber withdrew Steelix!<br></div><div class="battle-history">Bomber sent out <strong>Zapdos</strong>!<br></div><div class="spacer battle-history"><br></div><div class="battle-history"><small>The opposing Zapdos restored a little HP using its Leftovers!</small><br></div><div class="spacer battle-history"><br></div><h2 class="battle-history">Turn 5</h2><div class="spacer battle-history"><br></div><div class="battle-history">Cloyster, come back!<br></div><div class="battle-history">Go! <strong>Raikou</strong>!<br></div><div class="spacer battle-history"><br></div><div class="battle-history">The opposing Zapdos used <strong>Thunder</strong>!<br></div><div class="battle-history"><small>It's not very effective...</small><br></div><div class="battle-history"><small>(Raikou lost <abbr title="−88/383">23.0%</abbr> of its health!)</small><br></div><div class="spacer battle-history"><br></div><div class="battle-history"><small>Raikou restored a little HP using its Leftovers!</small><br></div><div class="battle-history"><small>The opposing Zapdos restored a little HP using its Leftovers!</small><br></div><div class="spacer battle-history"><br></div><h2 class="battle-history">Turn 6</h2><div class="spacer battle-history"><br></div><div class="battle-history">Raikou used <strong>Thunder</strong>!<br></div><div class="battle-history"><small>(The opposing Zapdos lost <abbr title="−175/383">45.7%</abbr> of its health!)</small><br></div><div class="battle-history"><small>The opposing Zapdos is paralyzed! It may be unable to move!</small><br></div><div class="spacer battle-history"><br></div><div class="battle-history">The opposing Zapdos used <strong>Thunder</strong>!<br></div><div class="battle-history"><small>It's not very effective...</small><br></div><div class="battle-history"><small>(Raikou lost <abbr title="−89/383">23.2%</abbr> of its health!)</small><br></div><div class="spacer battle-history"><br></div><div class="battle-history"><small>Raikou restored a little HP using its Leftovers!</small><br></div><div class="battle-history"><small>The opposing Zapdos restored a little HP using its Leftovers!</small><br></div><div class="spacer battle-history"><br></div><h2 class="battle-history">Turn 7</h2><div class="spacer battle-history"><br></div><div class="battle-history">Bomber withdrew Zapdos!<br></div><div class="battle-history">Bomber sent out <strong>Snorlax</strong>!<br></div><div class="spacer battle-history"><br></div><div class="battle-history">Raikou used <strong>Hidden Power</strong>!<br></div><div class="battle-history"><small>(The opposing Snorlax lost <abbr title="−60/523">11.5%</abbr> of its health!)</small><br></div><div class="spacer battle-history"><br></div><div class="battle-history"><small>Raikou restored a little HP using its Leftovers!</small><br></div><div class="battle-history"><small>The opposing Snorlax restored a little HP using its Leftovers!</small><br></div><div class="spacer battle-history"><br></div><h2 class="battle-history">Turn 8</h2><div class="spacer battle-history"><br></div><div class="battle-history">Raikou, come back!<br></div><div class="battle-history">Go! <strong>Cloyster</strong>!<br></div><div class="spacer battle-history"><br></div><div class="battle-history">The opposing Snorlax used <strong>Lovely Kiss</strong>!<br></div><div class="battle-history"><small>Cloyster avoided the attack!</small><br></div><div class="spacer battle-history"><br></div><div class="battle-history"><small>The opposing Snorlax restored a little HP using its Leftovers!</small><br></div><div class="spacer battle-history"><br></div><h2 class="battle-history">Turn 9</h2><div class="spacer battle-history"><br></div><div class="battle-history">Cloyster used <strong>Spikes</strong>!<br></div><div class="battle-history"><small>Spikes were scattered on the ground all around the opposing team!</small><br></div><div class="spacer battle-history"><br></div><div class="battle-history">The opposing Snorlax used <strong>Lovely Kiss</strong>!<br></div><div class="battle-history"><small>Cloyster fell asleep!</small><br></div><div class="spacer battle-history"><br></div><h2 class="battle-history">Turn 10</h2><div class="spacer battle-history"><br></div><div class="battle-history">Cloyster, come back!<br></div><div class="battle-history">Go! <strong>Miltank</strong>!<br></div><div class="spacer battle-history"><br></div><div class="battle-history">The opposing Snorlax used <strong>Fire Blast</strong>!<br></div><div class="battle-history"><small>(Miltank lost <abbr title="−85/393">21.6%</abbr> of its health!)</small><br></div><div class="spacer battle-history"><br></div><div class="battle-history"><small>Miltank restored a little HP using its Leftovers!</small><br></div><div class="spacer battle-history"><br></div><h2 class="battle-history">Turn 11</h2><div class="spacer battle-history"><br></div><div class="battle-history">Bomber withdrew Snorlax!<br></div><div class="battle-history">Bomber sent out <strong>Cloyster</strong>!<br></div><div class="battle-history"><small>The opposing Cloyster was hurt by the spikes!</small><br></div><div class="spacer battle-history"><br></div><div class="battle-history">Miltank used <strong>Growl</strong>!<br></div><div class="battle-history"><small>The opposing Cloyster's Attack fell!</small><br></div><div class="spacer battle-history"><br></div><div class="battle-history"><small>Miltank restored a little HP using its Leftovers!</small><br></div><div class="battle-history"><small>The opposing Cloyster restored a little HP using its Leftovers!</small><br></div><div class="spacer battle-history"><br></div><h2 class="battle-history">Turn 12</h2><div class="spacer battle-history"><br></div><div class="battle-history">Miltank, come back!<br></div><div class="battle-history">Go! <strong>Raikou</strong>!<br></div><div class="spacer battle-history"><br></div><div class="battle-history">The opposing Cloyster used <strong>Spikes</strong>!<br></div><div class="battle-history"><small>Spikes were scattered on the ground all around your team!</small><br></div><div class="spacer battle-history"><br></div><div class="battle-history"><small>Raikou restored a little HP using its Leftovers!</small><br></div><div class="battle-history"><small>The opposing Cloyster restored a little HP using its Leftovers!</small><br></div><div class="spacer battle-history"><br></div><h2 class="battle-history">Turn 13</h2><div class="spacer battle-history"><br></div><div class="battle-history">Bomber withdrew Cloyster!<br></div><div class="battle-history">Bomber sent out <strong>Steelix</strong>!<br></div><div class="battle-history"><small>The opposing Steelix was hurt by the spikes!</small><br></div><div class="spacer battle-history"><br></div><div class="battle-history">Raikou used <strong>Hidden Power</strong>!<br></div><div class="battle-history"><small>(The opposing Steelix lost <abbr title="−81/353">22.9%</abbr> of its health!)</small><br></div><div class="spacer battle-history"><br></div><div class="battle-history"><small>Raikou restored a little HP using its Leftovers!</small><br></div><div class="battle-history"><small>The opposing Steelix restored a little HP using its Leftovers!</small><br></div><div class="spacer battle-history"><br></div><h2 class="battle-history">Turn 14</h2><div class="spacer battle-history"><br></div><div class="battle-history">Raikou used <strong>Reflect</strong>!<br></div><div class="battle-history"><small>Reflect made your team stronger against physical moves!</small><br></div><div class="spacer battle-history"><br></div><div class="battle-history">The opposing Steelix used <strong>Earthquake</strong>!<br></div><div class="battle-history"><small>It's super effective!</small><br></div><div class="battle-history"><small>(Raikou lost <abbr title="−135/383">35.2%</abbr> of its health!)</small><br></div><div class="spacer battle-history"><br></div><div class="battle-history"><small>Raikou restored a little HP using its Leftovers!</small><br></div><div class="battle-history"><small>The opposing Steelix restored a little HP using its Leftovers!</small><br></div><div class="spacer battle-history"><br></div><h2 class="battle-history">Turn 15</h2><div class="spacer battle-history"><br></div><div class="battle-history">Raikou, come back!<br></div><div class="battle-history">Go! <strong>Miltank</strong>!<br></div><div class="battle-history"><small>Miltank was hurt by the spikes!</small><br></div><div class="spacer battle-history"><br></div><div class="battle-history">The opposing Steelix used <strong>Roar</strong>!<br></div><div class="spacer battle-history"><br></div><div class="battle-history"><strong>Snorlax</strong> was dragged out!<br></div><div class="battle-history"><small>Snorlax was hurt by the spikes!</small><br></div><div class="spacer battle-history"><br></div><div class="battle-history"><small>Snorlax restored a little HP using its Leftovers!</small><br></div><div class="battle-history"><small>The opposing Steelix restored a little HP using its Leftovers!</small><br></div><div class="spacer battle-history"><br></div><h2 class="battle-history">Turn 16</h2><div class="spacer battle-history"><br></div><div class="battle-history">Snorlax used <strong>Curse</strong>!<br></div><div class="battle-history"><small>Snorlax's Speed fell!</small><br></div><div class="battle-history"><small>Snorlax's Attack rose!</small><br></div><div class="battle-history"><small>Snorlax's Defense rose!</small><br></div><div class="spacer battle-history"><br></div><div class="battle-history">The opposing Steelix used <strong>Roar</strong>!<br></div><div class="spacer battle-history"><br></div><div class="battle-history"><strong>Raikou</strong> was dragged out!<br></div><div class="battle-history"><small>Raikou was hurt by the spikes!</small><br></div><div class="spacer battle-history"><br></div><div class="battle-history"><small>Raikou restored a little HP using its Leftovers!</small><br></div><div class="battle-history"><small>The opposing Steelix restored a little HP using its Leftovers!</small><br></div><div class="spacer battle-history"><br></div><h2 class="battle-history">Turn 17</h2><div class="spacer battle-history"><br></div><div class="battle-history">Raikou used <strong>Hidden Power</strong>!<br></div><div class="battle-history"><small>(The opposing Steelix lost <abbr title="−77/353">21.8%</abbr> of its health!)</small><br></div><div class="spacer battle-history"><br></div><div class="battle-history">The opposing Steelix used <strong>Earthquake</strong>!<br></div><div class="battle-history"><small>It's super effective!</small><br></div><div class="battle-history"><small>(Raikou lost <abbr title="−131/383">34.2%</abbr> of its health!)</small><br></div><div class="spacer battle-history"><br></div><div class="battle-history"><small>Raikou restored a little HP using its Leftovers!</small><br></div><div class="battle-history"><small>The opposing Steelix restored a little HP using its Leftovers!</small><br></div><div class="spacer battle-history"><br></div><h2 class="battle-history">Turn 18</h2><div class="spacer battle-history"><br></div><div class="battle-history">Raikou used <strong>Rest</strong>!<br></div><div class="battle-history"><small>Raikou fell asleep!</small><br></div><div class="battle-history"><small>Raikou slept and became healthy!</small><br></div><div class="spacer battle-history"><br></div><div class="battle-history">The opposing Steelix used <strong>Earthquake</strong>!<br></div><div class="battle-history"><small>A critical hit!</small><br></div><div class="battle-history"><small>It's super effective!</small><br></div><div class="battle-history"><small>(Raikou lost <abbr title="−383/383">100%</abbr> of its health!)</small><br></div><div class="spacer battle-history"><br></div><div class="battle-history">Raikou fainted!<br></div><div class="spacer battle-history"><br></div><div class="battle-history">Go! <strong>Miltank</strong>!<br></div><div class="battle-history"><small>Miltank was hurt by the spikes!</small><br></div><div class="spacer battle-history"><br></div><div class="battle-history"><small>Miltank restored a little HP using its Leftovers!</small><br></div><div class="battle-history"><small>The opposing Steelix restored a little HP using its Leftovers!</small><br></div><div class="battle-history"><small>Your team's Reflect wore off!</small><br></div><div class="spacer battle-history"><br></div><h2 class="battle-history">Turn 19</h2><div class="spacer battle-history"><br></div><div class="battle-history">Miltank used <strong>Heal Bell</strong>!<br></div><div class="battle-history"><small>A bell chimed!</small><br></div><div class="spacer battle-history"><br></div><div class="battle-history">The opposing Steelix used <strong>Earthquake</strong>!<br></div><div class="battle-history"><small>(Miltank lost <abbr title="−98/393">24.9%</abbr> of its health!)</small><br></div><div class="spacer battle-history"><br></div><div class="battle-history"><small>Miltank restored a little HP using its Leftovers!</small><br></div><div class="battle-history"><small>The opposing Steelix restored a little HP using its Leftovers!</small><br></div><div class="spacer battle-history"><br></div><h2 class="battle-history">Turn 20</h2><div class="spacer battle-history"><br></div><div class="battle-history">Bomber withdrew Steelix!<br></div><div class="battle-history">Bomber sent out <strong>Zapdos</strong>!<br></div><div class="spacer battle-history"><br></div><div class="battle-history">Miltank used <strong>Milk Drink</strong>!<br></div><div class="battle-history"><small>Miltank had its HP restored.</small><br></div><div class="spacer battle-history"><br></div><div class="battle-history"><small>The opposing Zapdos restored a little HP using its Leftovers!</small><br></div><div class="spacer battle-history"><br></div><h2 class="battle-history">Turn 21</h2><div class="spacer battle-history"><br></div><div class="battle-history">Miltank, come back!<br></div><div class="battle-history">Go! <strong>Snorlax</strong>!<br></div><div class="battle-history"><small>Snorlax was hurt by the spikes!</small><br></div><div class="spacer battle-history"><br></div><div class="battle-history">The opposing Zapdos used <strong>Rest</strong>!<br></div><div class="battle-history"><small>The opposing Zapdos fell asleep!</small><br></div><div class="battle-history"><small>The opposing Zapdos slept and became healthy!</small><br></div><div class="spacer battle-history"><br></div><div class="battle-history"><small>Snorlax restored a little HP using its Leftovers!</small><br></div><div class="spacer battle-history"><br></div><h2 class="battle-history">Turn 22</h2><div class="spacer battle-history"><br></div><div class="battle-history">Bomber withdrew Zapdos!<br></div><div class="battle-history">Bomber sent out <strong>Cloyster</strong>!<br></div><div class="battle-history"><small>The opposing Cloyster was hurt by the spikes!</small><br></div><div class="spacer battle-history"><br></div><div class="battle-history">Snorlax used <strong>Curse</strong>!<br></div><div class="battle-history"><small>Snorlax's Speed fell!</small><br></div><div class="battle-history"><small>Snorlax's Attack rose!</small><br></div><div class="battle-history"><small>Snorlax's Defense rose!</small><br></div><div class="spacer battle-history"><br></div><div class="battle-history"><small>The opposing Cloyster restored a little HP using its Leftovers!</small><br></div><div class="battle-history"><small>Snorlax restored a little HP using its Leftovers!</small><br></div><div class="spacer battle-history"><br></div><h2 class="battle-history">Turn 23</h2><div class="spacer battle-history"><br></div><div class="battle-history">The opposing Cloyster used <strong>Clamp</strong>!<br></div><div class="battle-history"><small>(Snorlax lost <abbr title="−38/523">7.3%</abbr> of its health!)</small><br></div><div class="battle-history"><small>The opposing Cloyster clamped down on Snorlax!</small><br></div><div class="spacer battle-history"><br></div><div class="battle-history">Snorlax used <strong>Curse</strong>!<br></div><div class="battle-history"><small>Snorlax's Speed fell!</small><br></div><div class="battle-history"><small>Snorlax's Attack rose!</small><br></div><div class="battle-history"><small>Snorlax's Defense rose!</small><br></div><div class="spacer battle-history"><br></div><div class="battle-history"><small>The opposing Cloyster restored a little HP using its Leftovers!</small><br></div><div class="battle-history"><small>Snorlax restored a little HP using its Leftovers!</small><br></div><div class="battle-history"><small>Snorlax is hurt by Clamp!</small><br></div><div class="spacer battle-history"><br></div><h2 class="battle-history">Turn 24</h2><div class="spacer battle-history"><br></div><div class="battle-history">The opposing Cloyster used <strong>Surf</strong>!<br></div><div class="battle-history"><small>(Snorlax lost <abbr title="−88/523">16.8%</abbr> of its health!)</small><br></div><div class="spacer battle-history"><br></div><div class="battle-history">Snorlax used <strong>Earthquake</strong>!<br></div><div class="battle-history"><small>(The opposing Cloyster lost <abbr title="−114/303">37.6%</abbr> of its health!)</small><br></div><div class="spacer battle-history"><br></div><div class="battle-history"><small>The opposing Cloyster restored a little HP using its Leftovers!</small><br></div><div class="battle-history"><small>Snorlax restored a little HP using its Leftovers!</small><br></div><div class="battle-history"><small>Snorlax is hurt by Clamp!</small><br></div><div class="spacer battle-history"><br></div><h2 class="battle-history">Turn 25</h2><div class="spacer battle-history"><br></div><div class="battle-history">The opposing Cloyster used <strong>Explosion</strong>!<br></div><div class="battle-history"><small>(Snorlax lost <abbr title="−239/523">45.7%</abbr> of its health!)</small><br></div><div class="spacer battle-history"><br></div><div class="battle-history">The opposing Cloyster fainted!<br></div><div class="spacer battle-history"><br></div><div class="battle-history">Bomber sent out <strong>Machamp</strong>!<br></div><div class="battle-history"><small>The opposing Machamp was hurt by the spikes!</small><br></div><div class="spacer battle-history"><br></div><div class="battle-history"><small>The opposing Machamp restored a little HP using its Leftovers!</small><br></div><div class="battle-history"><small>Snorlax restored a little HP using its Leftovers!</small><br></div><div class="spacer battle-history"><br></div><h2 class="battle-history">Turn 26</h2><div class="spacer battle-history"><br></div><div class="battle-history">Snorlax, come back!<br></div><div class="battle-history">Go! <strong>Starmie</strong>!<br></div><div class="battle-history"><small>Starmie was hurt by the spikes!</small><br></div><div class="spacer battle-history"><br></div><div class="battle-history">The opposing Machamp used <strong>Cross Chop</strong>!<br></div><div class="battle-history"><small>It's not very effective...</small><br></div><div class="battle-history"><small>(Starmie lost <abbr title="−80/323">24.8%</abbr> of its health!)</small><br></div><div class="spacer battle-history"><br></div><div class="battle-history"><small>Starmie restored a little HP using its Leftovers!</small><br></div><div class="battle-history"><small>The opposing Machamp restored a little HP using its Leftovers!</small><br></div><div class="spacer battle-history"><br></div><h2 class="battle-history">Turn 27</h2><div class="spacer battle-history"><br></div><div class="battle-history">Bomber withdrew Machamp!<br></div><div class="battle-history">Bomber sent out <strong>Snorlax</strong>!<br></div><div class="battle-history"><small>The opposing Snorlax was hurt by the spikes!</small><br></div><div class="spacer battle-history"><br></div><div class="battle-history">Starmie used <strong>Rapid Spin</strong>!<br></div><div class="battle-history"><small>(The opposing Snorlax lost <abbr title="−17/523">3.3%</abbr> of its health!)</small><br></div><div class="battle-history"><small>The spikes disappeared from the ground around your team!</small><br></div><div class="spacer battle-history"><br></div><div class="battle-history"><small>Starmie restored a little HP using its Leftovers!</small><br></div><div class="battle-history"><small>The opposing Snorlax restored a little HP using its Leftovers!</small><br></div><div class="spacer battle-history"><br></div><h2 class="battle-history">Turn 28</h2><div class="spacer battle-history"><br></div><div class="battle-history">Starmie, come back!<br></div><div class="battle-history">Go! <strong>Cloyster</strong>!<br></div><div class="spacer battle-history"><br></div><div class="battle-history">The opposing Snorlax used <strong>Lovely Kiss</strong>!<br></div><div class="battle-history"><small>Cloyster fell asleep!</small><br></div><div class="spacer battle-history"><br></div><div class="battle-history"><small>The opposing Snorlax restored a little HP using its Leftovers!</small><br></div><div class="spacer battle-history"><br></div><h2 class="battle-history">Turn 29</h2><div class="spacer battle-history"><br></div><div class="battle-history">Cloyster, come back!<br></div><div class="battle-history">Go! <strong>Miltank</strong>!<br></div><div class="spacer battle-history"><br></div><div class="battle-history">Bomber withdrew Snorlax!<br></div><div class="battle-history">Bomber sent out <strong>Zapdos</strong>!<br></div><div class="spacer battle-history"><br></div><h2 class="battle-history">Turn 30</h2><div class="spacer battle-history"><br></div><div class="battle-history">Miltank, come back!<br></div><div class="battle-history">Go! <strong>Steelix</strong>!<br></div><div class="spacer battle-history"><br></div><div class="battle-history">The opposing Zapdos is fast asleep.<br></div><div class="spacer battle-history"><br></div><div class="battle-history">The opposing Zapdos used <strong>Sleep Talk</strong>!<br></div><div class="spacer battle-history"><br></div><div class="battle-history">The opposing Zapdos used <strong>Hidden Power</strong>!<br></div><div class="battle-history"><small>(Steelix lost <abbr title="−91/353">25.8%</abbr> of its health!)</small><br></div><div class="spacer battle-history"><br></div><div class="battle-history"><small>Steelix restored a little HP using its Leftovers!</small><br></div><div class="spacer battle-history"><br></div><h2 class="battle-history">Turn 31</h2><div class="spacer battle-history"><br></div><div class="battle-history">Bomber withdrew Zapdos!<br></div><div class="battle-history">Bomber sent out <strong>Snorlax</strong>!<br></div><div class="battle-history"><small>The opposing Snorlax was hurt by the spikes!</small><br></div><div class="spacer battle-history"><br></div><div class="battle-history">Steelix used <strong>Curse</strong>!<br></div><div class="battle-history"><small>Steelix's Speed fell!</small><br></div><div class="battle-history"><small>Steelix's Attack rose!</small><br></div><div class="battle-history"><small>Steelix's Defense rose!</small><br></div><div class="spacer battle-history"><br></div><div class="battle-history"><small>The opposing Snorlax restored a little HP using its Leftovers!</small><br></div><div class="battle-history"><small>Steelix restored a little HP using its Leftovers!</small><br></div><div class="spacer battle-history"><br></div><h2 class="battle-history">Turn 32</h2><div class="spacer battle-history"><br></div><div class="battle-history">Steelix, come back!<br></div><div class="battle-history">Go! <strong>Miltank</strong>!<br></div><div class="spacer battle-history"><br></div><div class="battle-history">The opposing Snorlax used <strong>Fire Blast</strong>!<br></div><div class="battle-history"><small>(Miltank lost <abbr title="−91/393">23.2%</abbr> of its health!)</small><br></div><div class="spacer battle-history"><br></div><div class="battle-history"><small>Miltank restored a little HP using its Leftovers!</small><br></div><div class="battle-history"><small>The opposing Snorlax restored a little HP using its Leftovers!</small><br></div><div class="spacer battle-history"><br></div><h2 class="battle-history">Turn 33</h2><div class="spacer battle-history"><br></div><div class="battle-history">Miltank used <strong>Body Slam</strong>!<br></div><div class="battle-history"><small>(The opposing Snorlax lost <abbr title="−109/523">20.8%</abbr> of its health!)</small><br></div><div class="spacer battle-history"><br></div><div class="battle-history">The opposing Snorlax used <strong>Return</strong>!<br></div><div class="battle-history"><small>(Miltank lost <abbr title="−131/393">33.3%</abbr> of its health!)</small><br></div><div class="spacer battle-history"><br></div><div class="battle-history"><small>Miltank restored a little HP using its Leftovers!</small><br></div><div class="battle-history"><small>The opposing Snorlax restored a little HP using its Leftovers!</small><br></div><div class="spacer battle-history"><br></div><h2 class="battle-history">Turn 34</h2><div class="spacer battle-history"><br></div><div class="battle-history">Bomber withdrew Snorlax!<br></div><div class="battle-history">Bomber sent out <strong>Zapdos</strong>!<br></div><div class="spacer battle-history"><br></div><div class="battle-history">Miltank used <strong>Milk Drink</strong>!<br></div><div class="battle-history"><small>Miltank had its HP restored.</small><br></div><div class="spacer battle-history"><br></div><h2 class="battle-history">Turn 35</h2><div class="spacer battle-history"><br></div><div class="battle-history">Miltank, come back!<br></div><div class="battle-history">Go! <strong>Steelix</strong>!<br></div><div class="spacer battle-history"><br></div><div class="battle-history">The opposing Zapdos is fast asleep.<br></div><div class="spacer battle-history"><br></div><div class="battle-history">The opposing Zapdos used <strong>Sleep Talk</strong>!<br></div><div class="spacer battle-history"><br></div><div class="battle-history">The opposing Zapdos used <strong>Thunder</strong>!<br></div><div class="battle-history"><small>It doesn't affect Steelix...</small><br></div><div class="spacer battle-history"><br></div><div class="battle-history"><small>Steelix restored a little HP using its Leftovers!</small><br></div><div class="spacer battle-history"><br></div><h2 class="battle-history">Turn 36</h2><div class="spacer battle-history"><br></div><div class="battle-history">Bomber withdrew Zapdos!<br></div><div class="battle-history">Bomber sent out <strong>Machamp</strong>!<br></div><div class="battle-history"><small>The opposing Machamp was hurt by the spikes!</small><br></div><div class="spacer battle-history"><br></div><div class="battle-history">Steelix used <strong>Roar</strong>!<br></div><div class="spacer battle-history"><br></div><div class="battle-history"><strong>Typhlosion</strong> was dragged out!<br></div><div class="battle-history"><small>The opposing Typhlosion was hurt by the spikes!</small><br></div><div class="spacer battle-history"><br></div><div class="battle-history"><small>The opposing Typhlosion restored a little HP using its Leftovers!</small><br></div><div class="battle-history"><small>Steelix restored a little HP using its Leftovers!</small><br></div><div class="spacer battle-history"><br></div><h2 class="battle-history">Turn 37</h2><div class="chat chatmessage-fear"><strong style="color:#99960b"><small>★</small><span class="username" data-name="Fear">Fear</span>:</strong> <em>Ok</em></div><div class="spacer battle-history"><br></div><div class="battle-history">Steelix, come back!<br></div><div class="battle-history">Go! <strong>Starmie</strong>!<br></div><div class="spacer battle-history"><br></div><div class="battle-history">The opposing Typhlosion used <strong>Fire Blast</strong>!<br></div><div class="battle-history"><small>Starmie avoided the attack!</small><br></div><div class="spacer battle-history"><br></div><div class="battle-history"><small>Starmie restored a little HP using its Leftovers!</small><br></div><div class="battle-history"><small>The opposing Typhlosion restored a little HP using its Leftovers!</small><br></div><div class="spacer battle-history"><br></div><h2 class="battle-history">Turn 38</h2><div class="spacer battle-history"><br></div><div class="battle-history">Starmie, come back!<br></div><div class="battle-history">Go! <strong>Snorlax</strong>!<br></div><div class="spacer battle-history"><br></div><div class="battle-history">Bomber withdrew Typhlosion!<br></div><div class="battle-history">Bomber sent out <strong>Zapdos</strong>!<br></div><div class="spacer battle-history"><br></div><div class="battle-history"><small>Snorlax restored a little HP using its Leftovers!</small><br></div><div class="spacer battle-history"><br></div><h2 class="battle-history">Turn 39</h2><div class="spacer battle-history"><br></div><div class="battle-history">Bomber withdrew Zapdos!<br></div><div class="battle-history">Bomber sent out <strong>Steelix</strong>!<br></div><div class="battle-history"><small>The opposing Steelix was hurt by the spikes!</small><br></div><div class="spacer battle-history"><br></div><div class="battle-history">Snorlax used <strong>Rest</strong>!<br></div><div class="battle-history"><small>Snorlax fell asleep!</small><br></div><div class="battle-history"><small>Snorlax slept and became healthy!</small><br></div><div class="spacer battle-history"><br></div><div class="battle-history"><small>The opposing Steelix restored a little HP using its Leftovers!</small><br></div><div class="spacer battle-history"><br></div><h2 class="battle-history">Turn 40</h2><div class="spacer battle-history"><br></div><div class="battle-history">Snorlax, come back!<br></div><div class="battle-history">Go! <strong>Miltank</strong>!<br></div><div class="spacer battle-history"><br></div><div class="battle-history">The opposing Steelix used <strong>Curse</strong>!<br></div><div class="battle-history"><small>The opposing Steelix's Speed fell!</small><br></div><div class="battle-history"><small>The opposing Steelix's Attack rose!</small><br></div><div class="battle-history"><small>The opposing Steelix's Defense rose!</small><br></div><div class="spacer battle-history"><br></div><div class="battle-history"><small>The opposing Steelix restored a little HP using its Leftovers!</small><br></div><div class="spacer battle-history"><br></div><h2 class="battle-history">Turn 41</h2><div class="spacer battle-history"><br></div><div class="battle-history">Miltank used <strong>Growl</strong>!<br></div><div class="battle-history"><small>The opposing Steelix's Attack fell!</small><br></div><div class="spacer battle-history"><br></div><div class="battle-history">The opposing Steelix used <strong>Earthquake</strong>!<br></div><div class="battle-history"><small>(Miltank lost <abbr title="−96/393">24.4%</abbr> of its health!)</small><br></div><div class="spacer battle-history"><br></div><div class="battle-history"><small>Miltank restored a little HP using its Leftovers!</small><br></div><div class="battle-history"><small>The opposing Steelix restored a little HP using its Leftovers!</small><br></div><div class="spacer battle-history"><br></div><h2 class="battle-history">Turn 42</h2><div class="spacer battle-history"><br></div><div class="battle-history">Miltank used <strong>Milk Drink</strong>!<br></div><div class="battle-history"><small>Miltank had its HP restored.</small><br></div><div class="spacer battle-history"><br></div><div class="battle-history">The opposing Steelix used <strong>Earthquake</strong>!<br></div><div class="battle-history"><small>(Miltank lost <abbr title="−106/393">27.0%</abbr> of its health!)</small><br></div><div class="spacer battle-history"><br></div><div class="battle-history"><small>Miltank restored a little HP using its Leftovers!</small><br></div><div class="battle-history"><small>The opposing Steelix restored a little HP using its Leftovers!</small><br></div><div class="spacer battle-history"><br></div><h2 class="battle-history">Turn 43</h2><div class="spacer battle-history"><br></div><div class="battle-history">Bomber withdrew Steelix!<br></div><div class="battle-history">Bomber sent out <strong>Zapdos</strong>!<br></div><div class="spacer battle-history"><br></div><div class="battle-history">Miltank used <strong>Growl</strong>!<br></div><div class="battle-history"><small>The opposing Zapdos's Attack fell!</small><br></div><div class="spacer battle-history"><br></div><div class="battle-history"><small>Miltank restored a little HP using its Leftovers!</small><br></div><div class="spacer battle-history"><br></div><h2 class="battle-history">Turn 44</h2><div class="spacer battle-history"><br></div><div class="battle-history">Miltank used <strong>Heal Bell</strong>!<br></div><div class="battle-history"><small>A bell chimed!</small><br></div><div class="battle-history"><small>The opposing Zapdos woke up!</small><br></div><div class="spacer battle-history"><br></div><div class="battle-history">The opposing Zapdos used <strong>Hidden Power</strong>!<br></div><div class="battle-history"><small>(Miltank lost <abbr title="−79/393">20.1%</abbr> of its health!)</small><br></div><div class="spacer battle-history"><br></div><div class="battle-history"><small>Miltank restored a little HP using its Leftovers!</small><br></div><div class="spacer battle-history"><br></div><h2 class="battle-history">Turn 45</h2><div class="spacer battle-history"><br></div><div class="battle-history">Miltank, come back!<br></div><div class="battle-history">Go! <strong>Steelix</strong>!<br></div><div class="spacer battle-history"><br></div><div class="battle-history">The opposing Zapdos used <strong>Thunder</strong>!<br></div><div class="battle-history"><small>It doesn't affect Steelix...</small><br></div><div class="spacer battle-history"><br></div><div class="battle-history"><small>Steelix restored a little HP using its Leftovers!</small><br></div><div class="spacer battle-history"><br></div><h2 class="battle-history">Turn 46</h2><div class="spacer battle-history"><br></div><div class="battle-history">Bomber withdrew Zapdos!<br></div><div class="battle-history">Bomber sent out <strong>Snorlax</strong>!<br></div><div class="battle-history"><small>The opposing Snorlax was hurt by the spikes!</small><br></div><div class="spacer battle-history"><br></div><div class="battle-history">Steelix used <strong>Roar</strong>!<br></div><div class="spacer battle-history"><br></div><div class="battle-history"><strong>Zapdos</strong> was dragged out!<br></div><div class="spacer battle-history"><br></div><h2 class="battle-history">Turn 47</h2><div class="spacer battle-history"><br></div><div class="battle-history">The opposing Zapdos used <strong>Hidden Power</strong>!<br></div><div class="battle-history"><small>(Steelix lost <abbr title="−86/353">24.4%</abbr> of its health!)</small><br></div><div class="spacer battle-history"><br></div><div class="battle-history">Steelix used <strong>Curse</strong>!<br></div><div class="battle-history"><small>Steelix's Speed fell!</small><br></div><div class="battle-history"><small>Steelix's Attack rose!</small><br></div><div class="battle-history"><small>Steelix's Defense rose!</small><br></div><div class="spacer battle-history"><br></div><div class="battle-history"><small>Steelix restored a little HP using its Leftovers!</small><br></div><div class="spacer battle-history"><br></div><h2 class="battle-history">Turn 48</h2><div class="spacer battle-history"><br></div><div class="battle-history">Steelix, come back!<br></div><div class="battle-history">Go! <strong>Snorlax</strong>!<br></div><div class="spacer battle-history"><br></div><div class="battle-history">The opposing Zapdos used <strong>Hidden Power</strong>!<br></div><div class="battle-history"><small>(Snorlax lost <abbr title="−62/523">11.9%</abbr> of its health!)</small><br></div><div class="spacer battle-history"><br></div><div class="battle-history"><small>Snorlax restored a little HP using its Leftovers!</small><br></div><div class="spacer battle-history"><br></div><h2 class="battle-history">Turn 49</h2><div class="spacer battle-history"><br></div><div class="battle-history">Bomber withdrew Zapdos!<br></div><div class="battle-history">Bomber sent out <strong>Steelix</strong>!<br></div><div class="battle-history"><small>The opposing Steelix was hurt by the spikes!</small><br></div><div class="spacer battle-history"><br></div><div class="battle-history">Snorlax used <strong>Earthquake</strong>!<br></div><div class="battle-history"><small>It's super effective!</small><br></div><div class="battle-history"><small>(The opposing Steelix lost <abbr title="−106/353">30.0%</abbr> of its health!)</small><br></div><div class="spacer battle-history"><br></div><div class="battle-history"><small>Snorlax restored a little HP using its Leftovers!</small><br></div><div class="battle-history"><small>The opposing Steelix restored a little HP using its Leftovers!</small><br></div><div class="spacer battle-history"><br></div><h2 class="battle-history">Turn 50</h2><div class="spacer battle-history"><br></div><div class="battle-history">Snorlax, come back!<br></div><div class="battle-history">Go! <strong>Cloyster</strong>!<br></div><div class="spacer battle-history"><br></div><div class="battle-history">Bomber withdrew Steelix!<br></div><div class="battle-history">Bomber sent out <strong>Machamp</strong>!<br></div><div class="battle-history"><small>The opposing Machamp was hurt by the spikes!</small><br></div><div class="spacer battle-history"><br></div><div class="battle-history"><small>The opposing Machamp restored a little HP using its Leftovers!</small><br></div><div class="spacer battle-history"><br></div><h2 class="battle-history">Turn 51</h2><div class="spacer battle-history"><br></div><div class="battle-history">Bomber withdrew Machamp!<br></div><div class="battle-history">Bomber sent out <strong>Zapdos</strong>!<br></div><div class="spacer battle-history"><br></div><div class="battle-history">Cloyster used <strong>Toxic</strong>!<br></div><div class="battle-history"><small>The opposing Zapdos was badly poisoned!</small><br></div><div class="spacer battle-history"><br></div><h2 class="battle-history">Turn 52</h2><div class="spacer battle-history"><br></div><div class="battle-history">Cloyster, come back!<br></div><div class="battle-history">Go! <strong>Steelix</strong>!<br></div><div class="spacer battle-history"><br></div><div class="battle-history">The opposing Zapdos used <strong>Thunder</strong>!<br></div><div class="battle-history"><small>It doesn't affect Steelix...</small><br></div><div class="battle-history"><small>The opposing Zapdos was hurt by poison!</small><br></div><div class="spacer battle-history"><br></div><div class="battle-history"><small>The opposing Zapdos restored a little HP using its Leftovers!</small><br></div><div class="battle-history"><small>Steelix restored a little HP using its Leftovers!</small><br></div><div class="spacer battle-history"><br></div><h2 class="battle-history">Turn 53</h2><div class="spacer battle-history"><br></div><div class="battle-history">Bomber withdrew Zapdos!<br></div><div class="battle-history">Bomber sent out <strong>Snorlax</strong>!<br></div><div class="battle-history"><small>The opposing Snorlax was hurt by the spikes!</small><br></div><div class="spacer battle-history"><br></div><div class="battle-history">Steelix, come back!<br></div><div class="battle-history">Go! <strong>Snorlax</strong>!<br></div><div class="spacer battle-history"><br></div><div class="battle-history"><small>The opposing Snorlax restored a little HP using its Leftovers!</small><br></div><div class="spacer battle-history"><br></div><h2 class="battle-history">Turn 54</h2><div class="spacer battle-history"><br></div><div class="battle-history">Snorlax, come back!<br></div><div class="battle-history">Go! <strong>Cloyster</strong>!<br></div><div class="spacer battle-history"><br></div><div class="battle-history">The opposing Snorlax used <strong>Lovely Kiss</strong>!<br></div><div class="battle-history"><small>Cloyster avoided the attack!</small><br></div><div class="spacer battle-history"><br></div><div class="battle-history"><small>The opposing Snorlax restored a little HP using its Leftovers!</small><br></div><div class="spacer battle-history"><br></div><h2 class="battle-history">Turn 55</h2><div class="spacer battle-history"><br></div><div class="battle-history">Bomber withdrew Snorlax!<br></div><div class="battle-history">Bomber sent out <strong>Zapdos</strong>!<br></div><div class="battle-history"><small>The opposing Zapdos was poisoned!</small><br></div><div class="battle-history"><small>The opposing Zapdos was hurt by poison!</small><br></div><div class="spacer battle-history"><br></div><div class="battle-history">Cloyster used <strong>Surf</strong>!<br></div><div class="battle-history"><small>(The opposing Zapdos lost <abbr title="−104/383">27.2%</abbr> of its health!)</small><br></div><div class="spacer battle-history"><br></div><div class="battle-history"><small>The opposing Zapdos restored a little HP using its Leftovers!</small><br></div><div class="spacer battle-history"><br></div><h2 class="battle-history">Turn 56</h2><div class="spacer battle-history"><br></div><div class="battle-history">Bomber withdrew Zapdos!<br></div><div class="battle-history">Bomber sent out <strong>Snorlax</strong>!<br></div><div class="battle-history"><small>The opposing Snorlax was hurt by the spikes!</small><br></div><div class="spacer battle-history"><br></div><div class="battle-history">Cloyster, come back!<br></div><div class="battle-history">Go! <strong>Snorlax</strong>!<br></div><div class="spacer battle-history"><br></div><div class="battle-history"><small>The opposing Snorlax restored a little HP using its Leftovers!</small><br></div><div class="spacer battle-history"><br></div><h2 class="battle-history">Turn 57</h2><div class="spacer battle-history"><br></div><div class="battle-history">Snorlax, come back!<br></div><div class="battle-history">Go! <strong>Cloyster</strong>!<br></div><div class="spacer battle-history"><br></div><div class="battle-history">The opposing Snorlax used <strong>Lovely Kiss</strong>!<br></div><div class="battle-history"><small>Cloyster fell asleep!</small><br></div><div class="spacer battle-history"><br></div><div class="battle-history"><small>The opposing Snorlax restored a little HP using its Leftovers!</small><br></div><div class="spacer battle-history"><br></div><h2 class="battle-history">Turn 58</h2><div class="spacer battle-history"><br></div><div class="battle-history">Cloyster, come back!<br></div><div class="battle-history">Go! <strong>Steelix</strong>!<br></div><div class="spacer battle-history"><br></div><div class="battle-history">The opposing Snorlax used <strong>Return</strong>!<br></div><div class="battle-history"><small>It's not very effective...</small><br></div><div class="battle-history"><small>(Steelix lost <abbr title="−38/353">10.8%</abbr> of its health!)</small><br></div><div class="spacer battle-history"><br></div><div class="battle-history"><small>Steelix restored a little HP using its Leftovers!</small><br></div><div class="battle-history"><small>The opposing Snorlax restored a little HP using its Leftovers!</small><br></div><div class="spacer battle-history"><br></div><h2 class="battle-history">Turn 59</h2><div class="spacer battle-history"><br></div><div class="battle-history">Steelix, come back!<br></div><div class="battle-history">Go! <strong>Miltank</strong>!<br></div><div class="spacer battle-history"><br></div><div class="battle-history">The opposing Snorlax used <strong>Return</strong>!<br></div><div class="battle-history"><small>A critical hit!</small><br></div><div class="battle-history"><small>(Miltank lost <abbr title="−224/393">57.0%</abbr> of its health!)</small><br></div><div class="spacer battle-history"><br></div><div class="battle-history"><small>Miltank restored a little HP using its Leftovers!</small><br></div><div class="battle-history"><small>The opposing Snorlax restored a little HP using its Leftovers!</small><br></div><div class="spacer battle-history"><br></div><h2 class="battle-history">Turn 60</h2><div class="spacer battle-history"><br></div><div class="battle-history">Bomber withdrew Snorlax!<br></div><div class="battle-history">Bomber sent out <strong>Machamp</strong>!<br></div><div class="battle-history"><small>The opposing Machamp was hurt by the spikes!</small><br></div><div class="spacer battle-history"><br></div><div class="battle-history">Miltank used <strong>Milk Drink</strong>!<br></div><div class="battle-history"><small>Miltank had its HP restored.</small><br></div><div class="spacer battle-history"><br></div><div class="battle-history"><small>Miltank restored a little HP using its Leftovers!</small><br></div><div class="battle-history"><small>The opposing Machamp restored a little HP using its Leftovers!</small><br></div><div class="spacer battle-history"><br></div><h2 class="battle-history">Turn 61</h2><div class="spacer battle-history"><br></div><div class="battle-history">Miltank, come back!<br></div><div class="battle-history">Go! <strong>Starmie</strong>!<br></div><div class="spacer battle-history"><br></div><div class="battle-history">The opposing Machamp used <strong>Earthquake</strong>!<br></div><div class="battle-history"><small>(Starmie lost <abbr title="−110/323">34.1%</abbr> of its health!)</small><br></div><div class="spacer battle-history"><br></div><div class="battle-history"><small>Starmie restored a little HP using its Leftovers!</small><br></div><div class="battle-history"><small>The opposing Machamp restored a little HP using its Leftovers!</small><br></div><div class="spacer battle-history"><br></div><h2 class="battle-history">Turn 62</h2><div class="spacer battle-history"><br></div><div class="battle-history">Starmie used <strong>Recover</strong>!<br></div><div class="battle-history"><small>Starmie had its HP restored.</small><br></div><div class="spacer battle-history"><br></div><div class="battle-history">The opposing Machamp used <strong>Earthquake</strong>!<br></div><div class="battle-history"><small>(Starmie lost <abbr title="−111/323">34.4%</abbr> of its health!)</small><br></div><div class="spacer battle-history"><br></div><div class="battle-history"><small>Starmie restored a little HP using its Leftovers!</small><br></div><div class="battle-history"><small>The opposing Machamp restored a little HP using its Leftovers!</small><br></div><div class="spacer battle-history"><br></div><h2 class="battle-history">Turn 63</h2><div class="spacer battle-history"><br></div><div class="battle-history">Bomber withdrew Machamp!<br></div><div class="battle-history">Bomber sent out <strong>Snorlax</strong>!<br></div><div class="battle-history"><small>The opposing Snorlax was hurt by the spikes!</small><br></div><div class="spacer battle-history"><br></div><div class="battle-history">Starmie used <strong>Psychic</strong>!<br></div><div class="battle-history"><small>(The opposing Snorlax lost <abbr title="−106/523">20.3%</abbr> of its health!)</small><br></div><div class="spacer battle-history"><br></div><div class="battle-history"><small>Starmie restored a little HP using its Leftovers!</small><br></div><div class="battle-history"><small>The opposing Snorlax restored a little HP using its Leftovers!</small><br></div><div class="spacer battle-history"><br></div><h2 class="battle-history">Turn 64</h2><div class="spacer battle-history"><br></div><div class="battle-history">Starmie, come back!<br></div><div class="battle-history">Go! <strong>Miltank</strong>!<br></div><div class="spacer battle-history"><br></div><div class="battle-history">The opposing Snorlax used <strong>Fire Blast</strong>!<br></div><div class="battle-history"><small>(Miltank lost <abbr title="−96/393">24.4%</abbr> of its health!)</small><br></div><div class="spacer battle-history"><br></div><div class="battle-history"><small>Miltank restored a little HP using its Leftovers!</small><br></div><div class="battle-history"><small>The opposing Snorlax restored a little HP using its Leftovers!</small><br></div><div class="spacer battle-history"><br></div><h2 class="battle-history">Turn 65</h2><div class="spacer battle-history"><br></div><div class="battle-history">Bomber withdrew Snorlax!<br></div><div class="battle-history">Bomber sent out <strong>Zapdos</strong>!<br></div><div class="battle-history"><small>The opposing Zapdos was hurt by poison!</small><br></div><div class="spacer battle-history"><br></div><div class="battle-history">Miltank used <strong>Milk Drink</strong>!<br></div><div class="battle-history"><small>Miltank had its HP restored.</small><br></div><div class="spacer battle-history"><br></div><div class="battle-history"><small>The opposing Zapdos restored a little HP using its Leftovers!</small><br></div><div class="spacer battle-history"><br></div><h2 class="battle-history">Turn 66</h2><div class="spacer battle-history"><br></div><div class="battle-history">Miltank, come back!<br></div><div class="battle-history">Go! <strong>Steelix</strong>!<br></div><div class="spacer battle-history"><br></div><div class="battle-history">The opposing Zapdos used <strong>Hidden Power</strong>!<br></div><div class="battle-history"><small>(Steelix lost <abbr title="−87/353">24.6%</abbr> of its health!)</small><br></div><div class="battle-history"><small>The opposing Zapdos was hurt by poison!</small><br></div><div class="spacer battle-history"><br></div><div class="battle-history"><small>The opposing Zapdos restored a little HP using its Leftovers!</small><br></div><div class="battle-history"><small>Steelix restored a little HP using its Leftovers!</small><br></div><div class="spacer battle-history"><br></div><h2 class="battle-history">Turn 67</h2><div class="spacer battle-history"><br></div><div class="battle-history">Steelix, come back!<br></div><div class="battle-history">Go! <strong>Snorlax</strong>!<br></div><div class="spacer battle-history"><br></div><div class="battle-history">The opposing Zapdos used <strong>Hidden Power</strong>!<br></div><div class="battle-history"><small>(Snorlax lost <abbr title="−62/523">11.9%</abbr> of its health!)</small><br></div><div class="battle-history"><small>The opposing Zapdos was hurt by poison!</small><br></div><div class="spacer battle-history"><br></div><div class="battle-history"><small>The opposing Zapdos restored a little HP using its Leftovers!</small><br></div><div class="battle-history"><small>Snorlax restored a little HP using its Leftovers!</small><br></div><div class="spacer battle-history"><br></div><h2 class="battle-history">Turn 68</h2><div class="spacer battle-history"><br></div><div class="battle-history">Bomber withdrew Zapdos!<br></div><div class="battle-history">Bomber sent out <strong>Machamp</strong>!<br></div><div class="battle-history"><small>The opposing Machamp was hurt by the spikes!</small><br></div><div class="spacer battle-history"><br></div><div class="battle-history">Snorlax used <strong>Curse</strong>!<br></div><div class="battle-history"><small>Snorlax's Speed fell!</small><br></div><div class="battle-history"><small>Snorlax's Attack rose!</small><br></div><div class="battle-history"><small>Snorlax's Defense rose!</small><br></div><div class="spacer battle-history"><br></div><div class="battle-history"><small>The opposing Machamp restored a little HP using its Leftovers!</small><br></div><div class="battle-history"><small>Snorlax restored a little HP using its Leftovers!</small><br></div><div class="spacer battle-history"><br></div><h2 class="battle-history">Turn 69</h2><div class="spacer battle-history"><br></div><div class="battle-history">Snorlax, come back!<br></div><div class="battle-history">Go! <strong>Starmie</strong>!<br></div><div class="spacer battle-history"><br></div><div class="battle-history">The opposing Machamp used <strong>Curse</strong>!<br></div><div class="battle-history"><small>The opposing Machamp's Speed fell!</small><br></div><div class="battle-history"><small>The opposing Machamp's Attack rose!</small><br></div><div class="battle-history"><small>The opposing Machamp's Defense rose!</small><br></div><div class="spacer battle-history"><br></div><div class="battle-history"><small>Starmie restored a little HP using its Leftovers!</small><br></div><div class="battle-history"><small>The opposing Machamp restored a little HP using its Leftovers!</small><br></div><div class="spacer battle-history"><br></div><h2 class="battle-history">Turn 70</h2><div class="spacer battle-history"><br></div><div class="battle-history">Bomber withdrew Machamp!<br></div><div class="battle-history">Bomber sent out <strong>Snorlax</strong>!<br></div><div class="battle-history"><small>The opposing Snorlax was hurt by the spikes!</small><br></div><div class="spacer battle-history"><br></div><div class="battle-history">Starmie used <strong>Psychic</strong>!<br></div><div class="battle-history"><small>(The opposing Snorlax lost <abbr title="−99/523">18.9%</abbr> of its health!)</small><br></div><div class="spacer battle-history"><br></div><div class="battle-history"><small>Starmie restored a little HP using its Leftovers!</small><br></div><div class="battle-history"><small>The opposing Snorlax restored a little HP using its Leftovers!</small><br></div><div class="spacer battle-history"><br></div><h2 class="battle-history">Turn 71</h2><div class="spacer battle-history"><br></div><div class="battle-history">Starmie, come back!<br></div><div class="battle-history">Go! <strong>Miltank</strong>!<br></div><div class="spacer battle-history"><br></div><div class="battle-history">The opposing Snorlax used <strong>Return</strong>!<br></div><div class="battle-history"><small>A critical hit!</small><br></div><div class="battle-history"><small>(Miltank lost <abbr title="−255/393">64.9%</abbr> of its health!)</small><br></div><div class="spacer battle-history"><br></div><div class="battle-history"><small>Miltank restored a little HP using its Leftovers!</small><br></div><div class="battle-history"><small>The opposing Snorlax restored a little HP using its Leftovers!</small><br></div><div class="spacer battle-history"><br></div><h2 class="battle-history">Turn 72</h2><div class="chat chatmessage-fear"><strong style="color:#99960b"><small>★</small><span class="username" data-name="Fear">Fear</span>:</strong> <em>well</em></div><div class="spacer battle-history"><br></div><div class="battle-history">Miltank used <strong>Milk Drink</strong>!<br></div><div class="battle-history"><small>Miltank had its HP restored.</small><br></div><div class="spacer battle-history"><br></div><div class="battle-history">The opposing Snorlax used <strong>Return</strong>!<br></div><div class="battle-history"><small>(Miltank lost <abbr title="−123/393">31.3%</abbr> of its health!)</small><br></div><div class="spacer battle-history"><br></div><div class="battle-history"><small>Miltank restored a little HP using its Leftovers!</small><br></div><div class="battle-history"><small>The opposing Snorlax restored a little HP using its Leftovers!</small><br></div><div class="spacer battle-history"><br></div><h2 class="battle-history">Turn 73</h2><div class="spacer battle-history"><br></div><div class="battle-history">Bomber withdrew Snorlax!<br></div><div class="battle-history">Bomber sent out <strong>Steelix</strong>!<br></div><div class="battle-history"><small>The opposing Steelix was hurt by the spikes!</small><br></div><div class="spacer battle-history"><br></div><div class="battle-history">Miltank used <strong>Body Slam</strong>!<br></div><div class="battle-history"><small>It's not very effective...</small><br></div><div class="battle-history"><small>(The opposing Steelix lost <abbr title="−24/353">6.8%</abbr> of its health!)</small><br></div><div class="spacer battle-history"><br></div><div class="battle-history"><small>Miltank restored a little HP using its Leftovers!</small><br></div><div class="battle-history"><small>The opposing Steelix restored a little HP using its Leftovers!</small><br></div><div class="spacer battle-history"><br></div><h2 class="battle-history">Turn 74</h2><div class="spacer battle-history"><br></div><div class="battle-history">Miltank used <strong>Growl</strong>!<br></div><div class="battle-history"><small>The opposing Steelix's Attack fell!</small><br></div><div class="spacer battle-history"><br></div><div class="battle-history">The opposing Steelix used <strong>Curse</strong>!<br></div><div class="battle-history"><small>The opposing Steelix's Speed fell!</small><br></div><div class="battle-history"><small>The opposing Steelix's Attack rose!</small><br></div><div class="battle-history"><small>The opposing Steelix's Defense rose!</small><br></div><div class="spacer battle-history"><br></div><div class="battle-history"><small>Miltank restored a little HP using its Leftovers!</small><br></div><div class="battle-history"><small>The opposing Steelix restored a little HP using its Leftovers!</small><br></div><div class="spacer battle-history"><br></div><h2 class="battle-history">Turn 75</h2><div class="spacer battle-history"><br></div><div class="battle-history">Miltank used <strong>Growl</strong>!<br></div><div class="battle-history"><small>The opposing Steelix's Attack fell!</small><br></div><div class="spacer battle-history"><br></div><div class="battle-history">The opposing Steelix used <strong>Curse</strong>!<br></div><div class="battle-history"><small>The opposing Steelix's Speed fell!</small><br></div><div class="battle-history"><small>The opposing Steelix's Attack rose!</small><br></div><div class="battle-history"><small>The opposing Steelix's Defense rose!</small><br></div><div class="spacer battle-history"><br></div><div class="battle-history"><small>Miltank restored a little HP using its Leftovers!</small><br></div><div class="battle-history"><small>The opposing Steelix restored a little HP using its Leftovers!</small><br></div><div class="spacer battle-history"><br></div><h2 class="battle-history">Turn 76</h2><div class="spacer battle-history"><br></div><div class="battle-history">Miltank used <strong>Growl</strong>!<br></div><div class="battle-history"><small>The opposing Steelix's Attack fell!</small><br></div><div class="spacer battle-history"><br></div><div class="battle-history">The opposing Steelix used <strong>Earthquake</strong>!<br></div><div class="battle-history"><small>(Miltank lost <abbr title="−68/393">17.3%</abbr> of its health!)</small><br></div><div class="spacer battle-history"><br></div><div class="battle-history"><small>Miltank restored a little HP using its Leftovers!</small><br></div><div class="battle-history"><small>The opposing Steelix restored a little HP using its Leftovers!</small><br></div><div class="spacer battle-history"><br></div><h2 class="battle-history">Turn 77</h2><div class="spacer battle-history"><br></div><div class="battle-history">Miltank used <strong>Body Slam</strong>!<br></div><div class="battle-history"><small>It's not very effective...</small><br></div><div class="battle-history"><small>(The opposing Steelix lost <abbr title="−14/353">4.0%</abbr> of its health!)</small><br></div><div class="spacer battle-history"><br></div><div class="battle-history">The opposing Steelix used <strong>Curse</strong>!<br></div><div class="battle-history"><small>The opposing Steelix's Speed fell!</small><br></div><div class="battle-history"><small>The opposing Steelix's Attack rose!</small><br></div><div class="battle-history"><small>The opposing Steelix's Defense rose!</small><br></div><div class="spacer battle-history"><br></div><div class="battle-history"><small>Miltank restored a little HP using its Leftovers!</small><br></div><div class="battle-history"><small>The opposing Steelix restored a little HP using its Leftovers!</small><br></div><div class="spacer battle-history"><br></div><h2 class="battle-history">Turn 78</h2><div class="spacer battle-history"><br></div><div class="battle-history">Miltank used <strong>Growl</strong>!<br></div><div class="battle-history"><small>The opposing Steelix's Attack fell!</small><br></div><div class="spacer battle-history"><br></div><div class="battle-history">The opposing Steelix used <strong>Earthquake</strong>!<br></div><div class="battle-history"><small>(Miltank lost <abbr title="−73/393">18.6%</abbr> of its health!)</small><br></div><div class="spacer battle-history"><br></div><div class="battle-history"><small>Miltank restored a little HP using its Leftovers!</small><br></div><div class="battle-history"><small>The opposing Steelix restored a little HP using its Leftovers!</small><br></div><div class="spacer battle-history"><br></div><h2 class="battle-history">Turn 79</h2><div class="spacer battle-history"><br></div><div class="battle-history">Miltank used <strong>Body Slam</strong>!<br></div><div class="battle-history"><small>A critical hit!</small><br></div><div class="battle-history"><small>It's not very effective...</small><br></div><div class="battle-history"><small>(The opposing Steelix lost <abbr title="−51/353">14.4%</abbr> of its health!)</small><br></div><div class="spacer battle-history"><br></div><div class="battle-history">The opposing Steelix used <strong>Curse</strong>!<br></div><div class="battle-history"><small>The opposing Steelix's Speed fell!</small><br></div><div class="battle-history"><small>The opposing Steelix's Attack rose!</small><br></div><div class="battle-history"><small>The opposing Steelix's Defense rose!</small><br></div><div class="spacer battle-history"><br></div><div class="battle-history"><small>Miltank restored a little HP using its Leftovers!</small><br></div><div class="battle-history"><small>The opposing Steelix restored a little HP using its Leftovers!</small><br></div><div class="spacer battle-history"><br></div><h2 class="battle-history">Turn 80</h2><div class="spacer battle-history"><br></div><div class="battle-history">Bomber withdrew Steelix!<br></div><div class="battle-history">Bomber sent out <strong>Zapdos</strong>!<br></div><div class="battle-history"><small>The opposing Zapdos was hurt by poison!</small><br></div><div class="spacer battle-history"><br></div><div class="battle-history">Miltank used <strong>Growl</strong>!<br></div><div class="battle-history"><small>The opposing Zapdos's Attack fell!</small><br></div><div class="spacer battle-history"><br></div><div class="battle-history"><small>Miltank restored a little HP using its Leftovers!</small><br></div><div class="battle-history"><small>The opposing Zapdos restored a little HP using its Leftovers!</small><br></div><div class="spacer battle-history"><br></div><h2 class="battle-history">Turn 81</h2><div class="spacer battle-history"><br></div><div class="battle-history">Miltank, come back!<br></div><div class="battle-history">Go! <strong>Snorlax</strong>!<br></div><div class="spacer battle-history"><br></div><div class="battle-history">The opposing Zapdos used <strong>Rest</strong>!<br></div><div class="battle-history"><small>The opposing Zapdos fell asleep!</small><br></div><div class="battle-history"><small>The opposing Zapdos slept and became healthy!</small><br></div><div class="spacer battle-history"><br></div><h2 class="battle-history">Turn 82</h2><div class="spacer battle-history"><br></div><div class="battle-history">The opposing Zapdos is fast asleep.<br></div><div class="spacer battle-history"><br></div><div class="battle-history">The opposing Zapdos used <strong>Sleep Talk</strong>!<br></div><div class="spacer battle-history"><br></div><div class="battle-history">The opposing Zapdos used <strong>Rest</strong>!<br></div><div class="battle-history"><small>But it failed!</small><br></div><div class="spacer battle-history"><br></div><div class="battle-history">Snorlax used <strong>Double-Edge</strong>!<br></div><div class="battle-history"><small>(The opposing Zapdos lost <abbr title="−167/383">43.6%</abbr> of its health!)</small><br></div><div class="battle-history"><small>Snorlax was damaged by the recoil!</small><br></div><div class="spacer battle-history"><br></div><div class="battle-history"><small>The opposing Zapdos restored a little HP using its Leftovers!</small><br></div><div class="battle-history"><small>Snorlax restored a little HP using its Leftovers!</small><br></div><div class="spacer battle-history"><br></div><h2 class="battle-history">Turn 83</h2><div class="spacer battle-history"><br></div><div class="battle-history">Bomber withdrew Zapdos!<br></div><div class="battle-history">Bomber sent out <strong>Machamp</strong>!<br></div><div class="battle-history"><small>The opposing Machamp was hurt by the spikes!</small><br></div><div class="spacer battle-history"><br></div><div class="battle-history">Snorlax used <strong>Double-Edge</strong>!<br></div><div class="battle-history"><small>(The opposing Machamp lost <abbr title="−174/383">45.4%</abbr> of its health!)</small><br></div><div class="battle-history"><small>Snorlax was damaged by the recoil!</small><br></div><div class="spacer battle-history"><br></div><div class="battle-history"><small>The opposing Machamp restored a little HP using its Leftovers!</small><br></div><div class="battle-history"><small>Snorlax restored a little HP using its Leftovers!</small><br></div><div class="spacer battle-history"><br></div><h2 class="battle-history">Turn 84</h2><div class="spacer battle-history"><br></div><div class="battle-history">Bomber withdrew Machamp!<br></div><div class="battle-history">Bomber sent out <strong>Snorlax</strong>!<br></div><div class="battle-history"><small>The opposing Snorlax was hurt by the spikes!</small><br></div><div class="spacer battle-history"><br></div><div class="battle-history">Snorlax, come back!<br></div><div class="battle-history">Go! <strong>Starmie</strong>!<br></div><div class="spacer battle-history"><br></div><div class="battle-history"><small>Starmie restored a little HP using its Leftovers!</small><br></div><div class="battle-history"><small>The opposing Snorlax restored a little HP using its Leftovers!</small><br></div><div class="spacer battle-history"><br></div><h2 class="battle-history">Turn 85</h2><div class="spacer battle-history"><br></div><div class="battle-history">Starmie, come back!<br></div><div class="battle-history">Go! <strong>Miltank</strong>!<br></div><div class="spacer battle-history"><br></div><div class="battle-history">The opposing Snorlax used <strong>Return</strong>!<br></div><div class="battle-history"><small>(Miltank lost <abbr title="−129/393">32.8%</abbr> of its health!)</small><br></div><div class="spacer battle-history"><br></div><div class="battle-history"><small>Miltank restored a little HP using its Leftovers!</small><br></div><div class="battle-history"><small>The opposing Snorlax restored a little HP using its Leftovers!</small><br></div><div class="spacer battle-history"><br></div><h2 class="battle-history">Turn 86</h2><div class="spacer battle-history"><br></div><div class="battle-history">Miltank used <strong>Milk Drink</strong>!<br></div><div class="battle-history"><small>Miltank had its HP restored.</small><br></div><div class="spacer battle-history"><br></div><div class="battle-history">The opposing Snorlax used <strong>Return</strong>!<br></div><div class="battle-history"><small>(Miltank lost <abbr title="−124/393">31.6%</abbr> of its health!)</small><br></div><div class="spacer battle-history"><br></div><div class="battle-history"><small>Miltank restored a little HP using its Leftovers!</small><br></div><div class="battle-history"><small>The opposing Snorlax restored a little HP using its Leftovers!</small><br></div><div class="spacer battle-history"><br></div><h2 class="battle-history">Turn 87</h2><div class="spacer battle-history"><br></div><div class="battle-history">Bomber withdrew Snorlax!<br></div><div class="battle-history">Bomber sent out <strong>Zapdos</strong>!<br></div><div class="spacer battle-history"><br></div><div class="battle-history">Miltank used <strong>Body Slam</strong>!<br></div><div class="battle-history"><small>(The opposing Zapdos lost <abbr title="−106/383">27.7%</abbr> of its health!)</small><br></div><div class="spacer battle-history"><br></div><div class="battle-history"><small>Miltank restored a little HP using its Leftovers!</small><br></div><div class="battle-history"><small>The opposing Zapdos restored a little HP using its Leftovers!</small><br></div><div class="spacer battle-history"><br></div><h2 class="battle-history">Turn 88</h2><div class="spacer battle-history"><br></div><div class="battle-history">Miltank, come back!<br></div><div class="battle-history">Go! <strong>Snorlax</strong>!<br></div><div class="spacer battle-history"><br></div><div class="battle-history">The opposing Zapdos is fast asleep.<br></div><div class="spacer battle-history"><br></div><div class="battle-history">The opposing Zapdos used <strong>Sleep Talk</strong>!<br></div><div class="spacer battle-history"><br></div><div class="battle-history">The opposing Zapdos used <strong>Rest</strong>!<br></div><div class="battle-history"><small>The opposing Zapdos slept and became healthy!</small><br></div><div class="spacer battle-history"><br></div><div class="battle-history"><small>Snorlax restored a little HP using its Leftovers!</small><br></div><div class="spacer battle-history"><br></div><h2 class="battle-history">Turn 89</h2><div class="spacer battle-history"><br></div><div class="battle-history">Bomber withdrew Zapdos!<br></div><div class="battle-history">Bomber sent out <strong>Steelix</strong>!<br></div><div class="battle-history"><small>The opposing Steelix was hurt by the spikes!</small><br></div><div class="spacer battle-history"><br></div><div class="battle-history">Snorlax used <strong>Curse</strong>!<br></div><div class="battle-history"><small>Snorlax's Speed fell!</small><br></div><div class="battle-history"><small>Snorlax's Attack rose!</small><br></div><div class="battle-history"><small>Snorlax's Defense rose!</small><br></div><div class="spacer battle-history"><br></div><div class="battle-history"><small>The opposing Steelix restored a little HP using its Leftovers!</small><br></div><div class="spacer battle-history"><br></div><h2 class="battle-history">Turn 90</h2><div class="spacer battle-history"><br></div><div class="battle-history">Snorlax used <strong>Earthquake</strong>!<br></div><div class="battle-history"><small>It's super effective!</small><br></div><div class="battle-history"><small>(The opposing Steelix lost <abbr title="−151/353">42.8%</abbr> of its health!)</small><br></div><div class="spacer battle-history"><br></div><div class="battle-history">The opposing Steelix used <strong>Roar</strong>!<br></div><div class="spacer battle-history"><br></div><div class="battle-history"><strong>Miltank</strong> was dragged out!<br></div><div class="spacer battle-history"><br></div><div class="battle-history"><small>Miltank restored a little HP using its Leftovers!</small><br></div><div class="battle-history"><small>The opposing Steelix restored a little HP using its Leftovers!</small><br></div><div class="spacer battle-history"><br></div><h2 class="battle-history">Turn 91</h2><div class="spacer battle-history"><br></div><div class="battle-history">Miltank used <strong>Growl</strong>!<br></div><div class="battle-history"><small>The opposing Steelix's Attack fell!</small><br></div><div class="spacer battle-history"><br></div><div class="battle-history">The opposing Steelix used <strong>Explosion</strong>!<br></div><div class="battle-history"><small>A critical hit!</small><br></div><div class="battle-history"><small>(Miltank lost <abbr title="−341/393">86.8%</abbr> of its health!)</small><br></div><div class="spacer battle-history"><br></div><div class="battle-history">Miltank fainted!<br></div><div class="battle-history">The opposing Steelix fainted!<br></div><div class="chat chatmessage-fear"><strong style="color:#99960b"><small>★</small><span class="username" data-name="Fear">Fear</span>:</strong> <em>FFS</em></div><div class="spacer battle-history"><br></div><div class="battle-history">Go! <strong>Starmie</strong>!<br></div><div class="spacer battle-history"><br></div><div class="battle-history">Bomber sent out <strong>Snorlax</strong>!<br></div><div class="battle-history"><small>The opposing Snorlax was hurt by the spikes!</small><br></div><div class="spacer battle-history"><br></div><div class="battle-history"><small>Starmie restored a little HP using its Leftovers!</small><br></div><div class="battle-history"><small>The opposing Snorlax restored a little HP using its Leftovers!</small><br></div><div class="spacer battle-history"><br></div><h2 class="battle-history">Turn 92</h2><div class="spacer battle-history"><br></div><div class="battle-history">Starmie used <strong>Psychic</strong>!<br></div><div class="battle-history"><small>(The opposing Snorlax lost <abbr title="−102/523">19.5%</abbr> of its health!)</small><br></div><div class="spacer battle-history"><br></div><div class="battle-history">The opposing Snorlax used <strong>Fire Blast</strong>!<br></div><div class="battle-history"><small>It's not very effective...</small><br></div><div class="battle-history"><small>(Starmie lost <abbr title="−37/323">11.5%</abbr> of its health!)</small><br></div><div class="spacer battle-history"><br></div><div class="battle-history"><small>Starmie restored a little HP using its Leftovers!</small><br></div><div class="battle-history"><small>The opposing Snorlax restored a little HP using its Leftovers!</small><br></div><div class="spacer battle-history"><br></div><h2 class="battle-history">Turn 93</h2><div class="spacer battle-history"><br></div><div class="battle-history">Starmie, come back!<br></div><div class="battle-history">Go! <strong>Cloyster</strong>!<br></div><div class="spacer battle-history"><br></div><div class="battle-history">The opposing Snorlax used <strong>Self-Destruct</strong>!<br></div><div class="battle-history"><small>(Cloyster lost <abbr title="−303/303">100%</abbr> of its health!)</small><br></div><div class="spacer battle-history"><br></div><div class="battle-history">Cloyster fainted!<br></div><div class="battle-history">The opposing Snorlax fainted!<br></div><div class="spacer battle-history"><br></div><div class="battle-history">Bomber sent out <strong>Typhlosion</strong>!<br></div><div class="spacer battle-history"><br></div><div class="battle-history">Go! <strong>Snorlax</strong>!<br></div><div class="battle-history"><small>The opposing Typhlosion was hurt by the spikes!</small><br></div><div class="spacer battle-history"><br></div><div class="battle-history"><small>The opposing Typhlosion restored a little HP using its Leftovers!</small><br></div><div class="spacer battle-history"><br></div><h2 class="battle-history">Turn 94</h2><div class="spacer battle-history"><br></div><div class="battle-history">The opposing Typhlosion used <strong>Dynamic Punch</strong>!<br></div><div class="battle-history"><small>It's super effective!</small><br></div><div class="battle-history"><small>(Snorlax lost <abbr title="−193/523">36.9%</abbr> of its health!)</small><br></div><div class="battle-history"><small>Snorlax became confused!</small><br></div><div class="spacer battle-history"><br></div><div class="battle-history"><small>Snorlax is confused!</small><br></div><div class="battle-history">It hurt itself in its confusion!<br></div><div class="spacer battle-history"><br></div><div class="battle-history"><small>The opposing Typhlosion restored a little HP using its Leftovers!</small><br></div><div class="battle-history"><small>Snorlax restored a little HP using its Leftovers!</small><br></div><div class="spacer battle-history"><br></div><h2 class="battle-history">Turn 95</h2><div class="spacer battle-history"><br></div><div class="battle-history">Snorlax, come back!<br></div><div class="battle-history">Go! <strong>Starmie</strong>!<br></div><div class="spacer battle-history"><br></div><div class="battle-history">The opposing Typhlosion used <strong>Hidden Power</strong>!<br></div><div class="battle-history"><small>It's super effective!</small><br></div><div class="battle-history"><small>(Starmie lost <abbr title="−136/323">42.1%</abbr> of its health!)</small><br></div><div class="spacer battle-history"><br></div><div class="battle-history"><small>Starmie restored a little HP using its Leftovers!</small><br></div><div class="spacer battle-history"><br></div><h2 class="battle-history">Turn 96</h2><div class="spacer battle-history"><br></div><div class="battle-history">Starmie, come back!<br></div><div class="battle-history">Go! <strong>Snorlax</strong>!<br></div><div class="spacer battle-history"><br></div><div class="battle-history">The opposing Typhlosion used <strong>Dynamic Punch</strong>!<br></div><div class="battle-history"><small>It's super effective!</small><br></div><div class="battle-history"><small>(Snorlax lost <abbr title="−191/523">36.5%</abbr> of its health!)</small><br></div><div class="battle-history"><small>Snorlax became confused!</small><br></div><div class="spacer battle-history"><br></div><div class="battle-history"><small>Snorlax restored a little HP using its Leftovers!</small><br></div><div class="spacer battle-history"><br></div><h2 class="battle-history">Turn 97</h2><div class="spacer battle-history"><br></div><div class="battle-history">Snorlax, come back!<br></div><div class="battle-history">Go! <strong>Starmie</strong>!<br></div><div class="spacer battle-history"><br></div><div class="battle-history">The opposing Typhlosion used <strong>Fire Blast</strong>!<br></div><div class="battle-history"><small>It's not very effective...</small><br></div><div class="battle-history"><small>(Starmie lost <abbr title="−83/323">25.7%</abbr> of its health!)</small><br></div><div class="spacer battle-history"><br></div><div class="battle-history"><small>Starmie restored a little HP using its Leftovers!</small><br></div><div class="spacer battle-history"><br></div><h2 class="battle-history">Turn 98</h2><div class="spacer battle-history"><br></div><div class="battle-history">Bomber withdrew Typhlosion!<br></div><div class="battle-history">Bomber sent out <strong>Zapdos</strong>!<br></div><div class="spacer battle-history"><br></div><div class="battle-history">Starmie used <strong>Recover</strong>!<br></div><div class="battle-history"><small>Starmie had its HP restored.</small><br></div><div class="spacer battle-history"><br></div><div class="battle-history"><small>Starmie restored a little HP using its Leftovers!</small><br></div><div class="spacer battle-history"><br></div><h2 class="battle-history">Turn 99</h2><div class="spacer battle-history"><br></div><div class="battle-history">Starmie, come back!<br></div><div class="battle-history">Go! <strong>Steelix</strong>!<br></div><div class="spacer battle-history"><br></div><div class="battle-history">The opposing Zapdos is fast asleep.<br></div><div class="spacer battle-history"><br></div><div class="battle-history">The opposing Zapdos used <strong>Sleep Talk</strong>!<br></div><div class="spacer battle-history"><br></div><div class="battle-history">The opposing Zapdos used <strong>Thunder</strong>!<br></div><div class="battle-history"><small>It doesn't affect Steelix...</small><br></div><div class="spacer battle-history"><br></div><div class="battle-history"><small>Steelix restored a little HP using its Leftovers!</small><br></div><div class="spacer battle-history"><br></div><h2 class="battle-history">Turn 100</h2><div class="spacer battle-history"><br></div><div class="battle-history">The opposing Zapdos is fast asleep.<br></div><div class="spacer battle-history"><br></div><div class="battle-history">Steelix used <strong>Curse</strong>!<br></div><div class="battle-history"><small>Steelix's Speed fell!</small><br></div><div class="battle-history"><small>Steelix's Attack rose!</small><br></div><div class="battle-history"><small>Steelix's Defense rose!</small><br></div><div class="spacer battle-history"><br></div><div class="battle-history"><small>Steelix restored a little HP using its Leftovers!</small><br></div><div class="spacer battle-history"><br></div><h2 class="battle-history">Turn 101</h2><div class="spacer battle-history"><br></div><div class="battle-history">Bomber withdrew Zapdos!<br></div><div class="battle-history">Bomber sent out <strong>Machamp</strong>!<br></div><div class="battle-history"><small>The opposing Machamp was hurt by the spikes!</small><br></div><div class="spacer battle-history"><br></div><div class="battle-history">Steelix used <strong>Curse</strong>!<br></div><div class="battle-history"><small>Steelix's Speed fell!</small><br></div><div class="battle-history"><small>Steelix's Attack rose!</small><br></div><div class="battle-history"><small>Steelix's Defense rose!</small><br></div><div class="spacer battle-history"><br></div><div class="battle-history"><small>The opposing Machamp restored a little HP using its Leftovers!</small><br></div><div class="battle-history"><small>Steelix restored a little HP using its Leftovers!</small><br></div><div class="spacer battle-history"><br></div><h2 class="battle-history">Turn 102</h2><div class="spacer battle-history"><br></div><div class="battle-history">The opposing Machamp used <strong>Cross Chop</strong>!<br></div><div class="battle-history"><small>It's super effective!</small><br></div><div class="battle-history"><small>(Steelix lost <abbr title="−82/353">23.2%</abbr> of its health!)</small><br></div><div class="spacer battle-history"><br></div><div class="battle-history">Steelix used <strong>Iron Tail</strong>!<br></div><div class="battle-history"><small>(The opposing Machamp lost <abbr title="−110/383">28.7%</abbr> of its health!)</small><br></div><div class="spacer battle-history"><br></div><div class="battle-history">The opposing Machamp fainted!<br></div><div class="spacer battle-history"><br></div><div class="battle-history">Bomber sent out <strong>Typhlosion</strong>!<br></div><div class="battle-history"><small>The opposing Typhlosion was hurt by the spikes!</small><br></div><div class="spacer battle-history"><br></div><div class="battle-history"><small>The opposing Typhlosion restored a little HP using its Leftovers!</small><br></div><div class="battle-history"><small>Steelix restored a little HP using its Leftovers!</small><br></div><div class="spacer battle-history"><br></div><h2 class="battle-history">Turn 103</h2><div class="spacer battle-history"><br></div><div class="battle-history">Steelix, come back!<br></div><div class="battle-history">Go! <strong>Starmie</strong>!<br></div><div class="spacer battle-history"><br></div><div class="battle-history">The opposing Typhlosion used <strong>Fire Blast</strong>!<br></div><div class="battle-history"><small>A critical hit!</small><br></div><div class="battle-history"><small>It's not very effective...</small><br></div><div class="battle-history"><small>(Starmie lost <abbr title="−149/323">46.1%</abbr> of its health!)</small><br></div><div class="spacer battle-history"><br></div><div class="battle-history"><small>Starmie restored a little HP using its Leftovers!</small><br></div><div class="battle-history"><small>The opposing Typhlosion restored a little HP using its Leftovers!</small><br></div><div class="spacer battle-history"><br></div><h2 class="battle-history">Turn 104</h2><div class="spacer battle-history"><br></div><div class="battle-history">Starmie used <strong>Recover</strong>!<br></div><div class="battle-history"><small>Starmie had its HP restored.</small><br></div><div class="spacer battle-history"><br></div><div class="battle-history">The opposing Typhlosion used <strong>Dynamic Punch</strong>!<br></div><div class="battle-history"><small>It's not very effective...</small><br></div><div class="battle-history"><small>(Starmie lost <abbr title="−38/323">11.8%</abbr> of its health!)</small><br></div><div class="battle-history"><small>Starmie became confused!</small><br></div><div class="spacer battle-history"><br></div><div class="battle-history"><small>Starmie restored a little HP using its Leftovers!</small><br></div><div class="spacer battle-history"><br></div><h2 class="battle-history">Turn 105</h2><div class="spacer battle-history"><br></div><div class="battle-history"><small>Starmie is confused!</small><br></div><div class="battle-history">Starmie used <strong>Surf</strong>!<br></div><div class="battle-history"><small>It's super effective!</small><br></div><div class="battle-history"><small>(The opposing Typhlosion lost <abbr title="−268/359">74.7%</abbr> of its health!)</small><br></div><div class="spacer battle-history"><br></div><div class="battle-history">The opposing Typhlosion used <strong>Fire Blast</strong>!<br></div><div class="battle-history"><small>It's not very effective...</small><br></div><div class="battle-history"><small>(Starmie lost <abbr title="−87/323">26.9%</abbr> of its health!)</small><br></div><div class="spacer battle-history"><br></div><div class="battle-history"><small>Starmie restored a little HP using its Leftovers!</small><br></div><div class="battle-history"><small>The opposing Typhlosion restored a little HP using its Leftovers!</small><br></div><div class="spacer battle-history"><br></div><h2 class="battle-history">Turn 106</h2><div class="spacer battle-history"><br></div><div class="battle-history"><small>Starmie snapped out of its confusion!</small><br></div><div class="spacer battle-history"><br></div><div class="battle-history">Starmie used <strong>Surf</strong>!<br></div><div class="battle-history"><small>It's super effective!</small><br></div><div class="battle-history"><small>(The opposing Typhlosion lost <abbr title="−113/359">31.5%</abbr> of its health!)</small><br></div><div class="spacer battle-history"><br></div><div class="battle-history">The opposing Typhlosion fainted!<br></div><div class="spacer battle-history"><br></div><div class="battle-history">Bomber sent out <strong>Zapdos</strong>!<br></div><div class="spacer battle-history"><br></div><div class="battle-history"><small>Starmie restored a little HP using its Leftovers!</small><br></div><div class="spacer battle-history"><br></div><h2 class="battle-history">Turn 107</h2><div class="chat chatmessage-fear"><strong style="color:#99960b"><small>★</small><span class="username" data-name="Fear">Fear</span>:</strong> <em>gg</em></div><div class="spacer battle-history"><br></div><div class="battle-history">Starmie, come back!<br></div><div class="battle-history">Go! <strong>Steelix</strong>!<br></div><div class="battle-history"><small>The opposing Zapdos woke up!</small><br></div><div class="spacer battle-history"><br></div><div class="battle-history">The opposing Zapdos used <strong>Thunder</strong>!<br></div><div class="battle-history"><small>It doesn't affect Steelix...</small><br></div><div class="spacer battle-history"><br></div><div class="battle-history"><small>Steelix restored a little HP using its Leftovers!</small><br></div><div class="spacer battle-history"><br></div><h2 class="battle-history">Turn 108</h2><div class="spacer battle-history"><br></div><div class="battle-history">The opposing Zapdos used <strong>Hidden Power</strong>!<br></div><div class="battle-history"><small>(Steelix lost <abbr title="−91/353">25.8%</abbr> of its health!)</small><br></div><div class="spacer battle-history"><br></div><div class="battle-history">Steelix used <strong>Curse</strong>!<br></div><div class="battle-history"><small>Steelix's Speed fell!</small><br></div><div class="battle-history"><small>Steelix's Attack rose!</small><br></div><div class="battle-history"><small>Steelix's Defense rose!</small><br></div><div class="spacer battle-history"><br></div><div class="battle-history"><small>Steelix restored a little HP using its Leftovers!</small><br></div><div class="spacer battle-history"><br></div><h2 class="battle-history">Turn 109</h2><div class="spacer battle-history"><br></div><div class="battle-history">The opposing Zapdos used <strong>Hidden Power</strong>!<br></div><div class="battle-history"><small>(Steelix lost <abbr title="−77/353">21.8%</abbr> of its health!)</small><br></div><div class="spacer battle-history"><br></div><div class="battle-history">Steelix used <strong>Rest</strong>!<br></div><div class="battle-history"><small>Steelix fell asleep!</small><br></div><div class="battle-history"><small>Steelix slept and became healthy!</small><br></div><div class="spacer battle-history"><br></div><h2 class="battle-history">Turn 110</h2><div class="spacer battle-history"><br></div><div class="battle-history">The opposing Zapdos used <strong>Hidden Power</strong>!<br></div><div class="battle-history"><small>(Steelix lost <abbr title="−80/353">22.7%</abbr> of its health!)</small><br></div><div class="spacer battle-history"><br></div><div class="battle-history">Steelix is fast asleep.<br></div><div class="spacer battle-history"><br></div><div class="battle-history"><small>Steelix restored a little HP using its Leftovers!</small><br></div><div class="spacer battle-history"><br></div><h2 class="battle-history">Turn 111</h2><div class="spacer battle-history"><br></div><div class="battle-history">The opposing Zapdos used <strong>Hidden Power</strong>!<br></div><div class="battle-history"><small>(Steelix lost <abbr title="−78/353">22.1%</abbr> of its health!)</small><br></div><div class="spacer battle-history"><br></div><div class="battle-history">Steelix is fast asleep.<br></div><div class="spacer battle-history"><br></div><div class="battle-history"><small>Steelix restored a little HP using its Leftovers!</small><br></div><div class="spacer battle-history"><br></div><h2 class="battle-history">Turn 112</h2><div class="spacer battle-history"><br></div><div class="battle-history">The opposing Zapdos used <strong>Hidden Power</strong>!<br></div><div class="battle-history"><small>(Steelix lost <abbr title="−82/353">23.2%</abbr> of its health!)</small><br></div><div class="battle-history"><small>Steelix woke up!</small><br></div><div class="spacer battle-history"><br></div><div class="battle-history">Steelix used <strong>Curse</strong>!<br></div><div class="battle-history"><small>Steelix's Speed fell!</small><br></div><div class="battle-history"><small>Steelix's Attack rose!</small><br></div><div class="battle-history"><small>Steelix's Defense rose!</small><br></div><div class="spacer battle-history"><br></div><div class="battle-history"><small>Steelix restored a little HP using its Leftovers!</small><br></div><div class="spacer battle-history"><br></div><h2 class="battle-history">Turn 113</h2><div class="spacer battle-history"><br></div><div class="battle-history">The opposing Zapdos used <strong>Hidden Power</strong>!<br></div><div class="battle-history"><small>(Steelix lost <abbr title="−88/353">24.9%</abbr> of its health!)</small><br></div><div class="spacer battle-history"><br></div><div class="battle-history">Steelix used <strong>Rest</strong>!<br></div><div class="battle-history"><small>Steelix fell asleep!</small><br></div><div class="battle-history"><small>Steelix slept and became healthy!</small><br></div><div class="spacer battle-history"><br></div><h2 class="battle-history">Turn 114</h2><div class="spacer battle-history"><br></div><div class="battle-history">The opposing Zapdos used <strong>Hidden Power</strong>!<br></div><div class="battle-history"><small>(Steelix lost <abbr title="−79/353">22.4%</abbr> of its health!)</small><br></div><div class="spacer battle-history"><br></div><div class="battle-history">Steelix is fast asleep.<br></div><div class="spacer battle-history"><br></div><div class="battle-history"><small>Steelix restored a little HP using its Leftovers!</small><br></div><div class="spacer battle-history"><br></div><h2 class="battle-history">Turn 115</h2><div class="spacer battle-history"><br></div><div class="battle-history">The opposing Zapdos used <strong>Hidden Power</strong>!<br></div><div class="battle-history"><small>(Steelix lost <abbr title="−79/353">22.4%</abbr> of its health!)</small><br></div><div class="spacer battle-history"><br></div><div class="battle-history">Steelix is fast asleep.<br></div><div class="spacer battle-history"><br></div><div class="battle-history"><small>Steelix restored a little HP using its Leftovers!</small><br></div><div class="spacer battle-history"><br></div><h2 class="battle-history">Turn 116</h2><div class="spacer battle-history"><br></div><div class="battle-history">The opposing Zapdos used <strong>Hidden Power</strong>!<br></div><div class="battle-history"><small>(Steelix lost <abbr title="−83/353">23.5%</abbr> of its health!)</small><br></div><div class="battle-history"><small>Steelix woke up!</small><br></div><div class="spacer battle-history"><br></div><div class="battle-history">Steelix used <strong>Rest</strong>!<br></div><div class="battle-history"><small>Steelix fell asleep!</small><br></div><div class="battle-history"><small>Steelix slept and became healthy!</small><br></div><div class="spacer battle-history"><br></div><h2 class="battle-history">Turn 117</h2><div class="spacer battle-history"><br></div><div class="battle-history">The opposing Zapdos used <strong>Hidden Power</strong>!<br></div><div class="battle-history"><small>(Steelix lost <abbr title="−88/353">24.9%</abbr> of its health!)</small><br></div><div class="spacer battle-history"><br></div><div class="battle-history">Steelix is fast asleep.<br></div><div class="spacer battle-history"><br></div><div class="battle-history"><small>Steelix restored a little HP using its Leftovers!</small><br></div><div class="spacer battle-history"><br></div><h2 class="battle-history">Turn 118</h2><div class="spacer battle-history"><br></div><div class="battle-history">The opposing Zapdos used <strong>Hidden Power</strong>!<br></div><div class="battle-history"><small>(Steelix lost <abbr title="−81/353">22.9%</abbr> of its health!)</small><br></div><div class="spacer battle-history"><br></div><div class="battle-history">Steelix is fast asleep.<br></div><div class="spacer battle-history"><br></div><div class="battle-history"><small>Steelix restored a little HP using its Leftovers!</small><br></div><div class="spacer battle-history"><br></div><h2 class="battle-history">Turn 119</h2><div class="spacer battle-history"><br></div><div class="battle-history">The opposing Zapdos used <strong>Hidden Power</strong>!<br></div><div class="battle-history"><small>(Steelix lost <abbr title="−80/353">22.7%</abbr> of its health!)</small><br></div><div class="battle-history"><small>Steelix woke up!</small><br></div><div class="spacer battle-history"><br></div><div class="battle-history">Steelix used <strong>Curse</strong>!<br></div><div class="battle-history"><small>Steelix's Speed fell!</small><br></div><div class="battle-history"><small>Steelix's Attack rose!</small><br></div><div class="battle-history"><small>Steelix's Defense rose!</small><br></div><div class="spacer battle-history"><br></div><div class="battle-history"><small>Steelix restored a little HP using its Leftovers!</small><br></div><div class="spacer battle-history"><br></div><h2 class="battle-history">Turn 120</h2><div class="spacer battle-history"><br></div><div class="battle-history">The opposing Zapdos used <strong>Hidden Power</strong>!<br></div><div class="battle-history"><small>(Steelix lost <abbr title="−85/353">24.1%</abbr> of its health!)</small><br></div><div class="spacer battle-history"><br></div><div class="battle-history">Steelix used <strong>Rest</strong>!<br></div><div class="battle-history"><small>Steelix fell asleep!</small><br></div><div class="battle-history"><small>Steelix slept and became healthy!</small><br></div><div class="spacer battle-history"><br></div><h2 class="battle-history">Turn 121</h2><div class="spacer battle-history"><br></div><div class="battle-history">The opposing Zapdos used <strong>Hidden Power</strong>!<br></div><div class="battle-history"><small>(Steelix lost <abbr title="−88/353">24.9%</abbr> of its health!)</small><br></div><div class="spacer battle-history"><br></div><div class="battle-history">Steelix is fast asleep.<br></div><div class="spacer battle-history"><br></div><div class="battle-history"><small>Steelix restored a little HP using its Leftovers!</small><br></div><div class="spacer battle-history"><br></div><h2 class="battle-history">Turn 122</h2><div class="spacer battle-history"><br></div><div class="battle-history">The opposing Zapdos used <strong>Hidden Power</strong>!<br></div><div class="battle-history"><small>(Steelix lost <abbr title="−82/353">23.2%</abbr> of its health!)</small><br></div><div class="spacer battle-history"><br></div><div class="battle-history">Steelix is fast asleep.<br></div><div class="spacer battle-history"><br></div><div class="battle-history"><small>Steelix restored a little HP using its Leftovers!</small><br></div><div class="spacer battle-history"><br></div><h2 class="battle-history">Turn 123</h2><div class="spacer battle-history"><br></div><div class="battle-history">The opposing Zapdos used <strong>Hidden Power</strong>!<br></div><div class="battle-history"><small>(Steelix lost <abbr title="−87/353">24.6%</abbr> of its health!)</small><br></div><div class="battle-history"><small>Steelix woke up!</small><br></div><div class="spacer battle-history"><br></div><div class="battle-history">Steelix used <strong>Rest</strong>!<br></div><div class="battle-history"><small>Steelix fell asleep!</small><br></div><div class="battle-history"><small>Steelix slept and became healthy!</small><br></div><div class="spacer battle-history"><br></div><h2 class="battle-history">Turn 124</h2><div class="spacer battle-history"><br></div><div class="battle-history">The opposing Zapdos used <strong>Hidden Power</strong>!<br></div><div class="battle-history"><small>(Steelix lost <abbr title="−89/353">25.2%</abbr> of its health!)</small><br></div><div class="spacer battle-history"><br></div><div class="battle-history">Steelix is fast asleep.<br></div><div class="spacer battle-history"><br></div><div class="battle-history"><small>Steelix restored a little HP using its Leftovers!</small><br></div><div class="spacer battle-history"><br></div><h2 class="battle-history">Turn 125</h2><div class="spacer battle-history"><br></div><div class="battle-history">The opposing Zapdos used <strong>Hidden Power</strong>!<br></div><div class="battle-history"><small>(Steelix lost <abbr title="−88/353">24.9%</abbr> of its health!)</small><br></div><div class="spacer battle-history"><br></div><div class="battle-history">Steelix is fast asleep.<br></div><div class="spacer battle-history"><br></div><div class="battle-history"><small>Steelix restored a little HP using its Leftovers!</small><br></div><div class="spacer battle-history"><br></div><h2 class="battle-history">Turn 126</h2><div class="spacer battle-history"><br></div><div class="battle-history"><small>Bomber forfeited.</small><br></div><div class="spacer battle-history"><br></div><div class="battle-history"><strong>Fear</strong> won the battle!<br></div></div><div class="inner-preempt"></div></div></div>
</div>
<script>
let daily = Math.floor(Date.now()/1000/60/60/24);document.write('<script src="https://play.pokemonshowdown.com/js/replay-embed.js?version'+daily+'"></'+'script>');
</script>
