<!DOCTYPE html>
<meta charset="utf-8" />
<!-- version 1 -->
<title>[Gen 2] OU replay: the pirate99 vs. FriendOfMrGolem120</title>
<style>
html,body {font-family:Verdana, sans-serif;font-size:10pt;margin:0;padding:0;}body{padding:12px 0;} .battle-log {font-family:Verdana, sans-serif;font-size:10pt;} .battle-log-inline {border:1px solid #AAAAAA;background:#EEF2F5;color:black;max-width:640px;margin:0 auto 80px;padding-bottom:5px;} .battle-log .inner {padding:4px 8px 0px 8px;} .battle-log .inner-preempt {padding:0 8px 4px 8px;} .battle-log .inner-after {margin-top:0.5em;} .battle-log h2 {margin:0.5em -8px;padding:4px 8px;border:1px solid #AAAAAA;background:#E0E7EA;border-left:0;border-right:0;font-family:Verdana, sans-serif;font-size:13pt;} .battle-log .chat {vertical-align:middle;padding:3px 0 3px 0;font-size:8pt;} .battle-log .chat strong {color:#40576A;} .battle-log .chat em {padding:1px 4px 1px 3px;color:#000000;font-style:normal;} .chat.mine {background:rgba(0,0,0,0.05);margin-left:-8px;margin-right:-8px;padding-left:8px;padding-right:8px;} .spoiler {color:#BBBBBB;background:#BBBBBB;padding:0px 3px;} .spoiler:hover, .spoiler:active, .spoiler-shown {color:#000000;background:#E2E2E2;padding:0px 3px;} .spoiler a {color:#BBBBBB;} .spoiler:hover a, .spoiler:active a, .spoiler-shown a {color:#2288CC;} .chat code, .chat .spoiler:hover code, .chat .spoiler:active code, .chat .spoiler-shown code {border:1px solid #C0C0C0;background:#EEEEEE;color:black;padding:0 2px;} .chat .spoiler code {border:1px solid #CCCCCC;background:#CCCCCC;color:#CCCCCC;} .battle-log .rated {padding:3px 4px;} .battle-log .rated strong {color:white;background:#89A;padding:1px 4px;border-radius:4px;} .spacer {margin-top:0.5em;} .message-announce {background:#6688AA;color:white;padding:1px 4px 2px;} .message-announce a, .broadcast-green a, .broadcast-blue a, .broadcast-red a {color:#DDEEFF;} .broadcast-green {background-color:#559955;color:white;padding:2px 4px;} .broadcast-blue {background-color:#6688AA;color:white;padding:2px 4px;} .infobox {border:1px solid #6688AA;padding:2px 4px;} .infobox-limited {max-height:200px;overflow:auto;overflow-x:hidden;} .broadcast-red {background-color:#AA5544;color:white;padding:2px 4px;} .message-learn-canlearn {font-weight:bold;color:#228822;text-decoration:underline;} .message-learn-cannotlearn {font-weight:bold;color:#CC2222;text-decoration:underline;} .message-effect-weak {font-weight:bold;color:#CC2222;} .message-effect-resist {font-weight:bold;color:#6688AA;} .message-effect-immune {font-weight:bold;color:#666666;} .message-learn-list {margin-top:0;margin-bottom:0;} .message-throttle-notice, .message-error {color:#992222;} .message-overflow, .chat small.message-overflow {font-size:0pt;} .message-overflow::before {font-size:9pt;content:'...';} .subtle {color:#3A4A66;}
</style>
<div class="wrapper replay-wrapper" style="max-width:1180px;margin:0 auto">
<input type="hidden" name="replayid" value="smogtours-gen2ou-472503" />
<div class="battle"></div><div class="battle-log"></div><div class="replay-controls"></div><div class="replay-controls-2"></div>
<h1 style="font-weight:normal;text-align:center"><strong>[Gen 2] OU</strong><br /><a href="http://pokemonshowdown.com/users/thepirate99" class="subtle" target="_blank">the pirate99</a> vs. <a href="http://pokemonshowdown.com/users/friendofmrgolem120" class="subtle" target="_blank">FriendOfMrGolem120</a></h1>
<script type="text/plain" class="battle-log-data">|inactive|Battle timer is ON: inactive players will automatically lose when time's up.
|player|p1|the pirate99|1|
|player|p2|FriendOfMrGolem120|#splxiruiners|
|teamsize|p1|6
|teamsize|p2|6
|gametype|singles
|gen|2
|tier|[Gen 2] OU
|rule|Sleep Clause Mod: Limit one foe put to sleep
|rule|Freeze Clause Mod: Limit one foe frozen
|rule|Species Clause: Limit one of each Pokémon
|rule|OHKO Clause: OHKO moves are banned
|rule|Evasion Moves Clause: Evasion moves are banned
|rule|HP Percentage Mod: HP is shown in percentages
|
|start
|switch|p1a: Cloyster|Cloyster, M|100\/100
|switch|p2a: Zapdos|Zapdos|100\/100
|turn|1
|raw|<div class="broadcast-red"><strong>Moderated chat was set to ☆!<\/strong><br \/>Only users of rank ☆ and higher can talk.<\/div>
|
|switch|p1a: Steelix|Steelix, M|100\/100
|move|p2a: Zapdos|Thunder|p1a: Steelix
|-immune|p1a: Steelix
|
|upkeep
|turn|2
|
|move|p2a: Zapdos|Thunder|p1a: Steelix
|-immune|p1a: Steelix
|move|p1a: Steelix|Roar|p2a: Zapdos
|drag|p2a: Snorlax|Snorlax, M|100\/100
|
|upkeep
|turn|3
|
|switch|p2a: Cloyster|Cloyster, M|100\/100
|move|p1a: Steelix|Roar|p2a: Cloyster
|drag|p2a: Tyranitar|Tyranitar, M|100\/100
|
|upkeep
|turn|4
|
|switch|p2a: Zapdos|Zapdos|100\/100
|switch|p1a: Vaporeon|Vaporeon, M|100\/100
|
|upkeep
|turn|5
|
|switch|p1a: Steelix|Steelix, M|100\/100
|move|p2a: Zapdos|Thunder|p1a: Steelix
|-immune|p1a: Steelix
|
|upkeep
|turn|6
|
|move|p2a: Zapdos|Hidden Power|p1a: Steelix
|-damage|p1a: Steelix|76\/100
|move|p1a: Steelix|Roar|p2a: Zapdos
|drag|p2a: Exeggutor|Exeggutor, M|100\/100
|
|-heal|p1a: Steelix|82\/100|[from] item: Leftovers
|upkeep
|turn|7
|
|switch|p2a: Zapdos|Zapdos|100\/100
|switch|p1a: Zapdos|Zapdos|100\/100
|
|upkeep
|turn|8
|
|move|p1a: Zapdos|Thunder|p2a: Zapdos
|-damage|p2a: Zapdos|54\/100
|move|p2a: Zapdos|Thunder Wave|p1a: Zapdos
|-status|p1a: Zapdos|par
|
|-heal|p2a: Zapdos|60\/100|[from] item: Leftovers
|upkeep
|turn|9
|
|switch|p2a: Snorlax|Snorlax, M|100\/100
|cant|p1a: Zapdos|par
|
|upkeep
|turn|10
|
|switch|p1a: Steelix|Steelix, M|82\/100
|move|p2a: Snorlax|Curse|p2a: Snorlax
|-unboost|p2a: Snorlax|spe|1
|-boost|p2a: Snorlax|atk|1
|-boost|p2a: Snorlax|def|1
|
|-heal|p1a: Steelix|88\/100|[from] item: Leftovers
|upkeep
|turn|11
|
|move|p2a: Snorlax|Double-Edge|p1a: Steelix
|-resisted|p1a: Steelix
|-damage|p1a: Steelix|70\/100
|-damage|p2a: Snorlax|97\/100|[from] Recoil|[of] p1a: Steelix
|move|p1a: Steelix|Roar|p2a: Snorlax
|drag|p2a: Zapdos|Zapdos|60\/100
|
|-heal|p2a: Zapdos|66\/100|[from] item: Leftovers
|-heal|p1a: Steelix|76\/100|[from] item: Leftovers
|upkeep
|turn|12
|
|switch|p2a: Snorlax|Snorlax, M|97\/100
|switch|p1a: Snorlax|Snorlax, M|100\/100
|
|-heal|p2a: Snorlax|100\/100|[from] item: Leftovers
|upkeep
|turn|13
|
|switch|p1a: Steelix|Steelix, M|76\/100
|move|p2a: Snorlax|Curse|p2a: Snorlax
|-unboost|p2a: Snorlax|spe|1
|-boost|p2a: Snorlax|atk|1
|-boost|p2a: Snorlax|def|1
|
|-heal|p1a: Steelix|82\/100|[from] item: Leftovers
|upkeep
|turn|14
|
|move|p2a: Snorlax|Double-Edge|p1a: Steelix
|-resisted|p1a: Steelix
|-damage|p1a: Steelix|64\/100
|-damage|p2a: Snorlax|97\/100|[from] Recoil|[of] p1a: Steelix
|move|p1a: Steelix|Roar|p2a: Snorlax
|drag|p2a: Tyranitar|Tyranitar, M|100\/100
|
|-heal|p1a: Steelix|70\/100|[from] item: Leftovers
|upkeep
|turn|15
|
|switch|p2a: Cloyster|Cloyster, M|100\/100
|switch|p1a: Cloyster|Cloyster, M|100\/100
|
|upkeep
|turn|16
|
|move|p1a: Cloyster|Spikes|p2a: Cloyster
|-sidestart|p2: FriendOfMrGolem120|Spikes
|move|p2a: Cloyster|Toxic|p1a: Cloyster
|-status|p1a: Cloyster|tox
|
|upkeep
|turn|17
|
|move|p2a: Cloyster|Spikes|p1a: Cloyster
|-sidestart|p1: the pirate99|Spikes
|move|p1a: Cloyster|Toxic|p2a: Cloyster
|-status|p2a: Cloyster|tox
|-damage|p1a: Cloyster|95\/100 tox|[from] psn
|
|-heal|p1a: Cloyster|100\/100 tox|[from] item: Leftovers
|upkeep
|turn|18
|
|move|p2a: Cloyster|Surf|p1a: Cloyster
|-resisted|p1a: Cloyster
|-damage|p1a: Cloyster|72\/100 tox
|-damage|p2a: Cloyster|95\/100 tox|[from] psn
|move|p1a: Cloyster|Surf|p2a: Cloyster
|-resisted|p2a: Cloyster
|-damage|p2a: Cloyster|69\/100 tox
|-damage|p1a: Cloyster|61\/100 tox|[from] psn
|
|-heal|p2a: Cloyster|75\/100 tox|[from] item: Leftovers
|-heal|p1a: Cloyster|67\/100 tox|[from] item: Leftovers
|upkeep
|turn|19
|
|move|p2a: Cloyster|Surf|p1a: Cloyster
|-resisted|p1a: Cloyster
|-damage|p1a: Cloyster|39\/100 tox
|-damage|p2a: Cloyster|63\/100 tox|[from] psn
|move|p1a: Cloyster|Surf|p2a: Cloyster
|-resisted|p2a: Cloyster
|-damage|p2a: Cloyster|38\/100 tox
|-damage|p1a: Cloyster|21\/100 tox|[from] psn
|
|-heal|p2a: Cloyster|44\/100 tox|[from] item: Leftovers
|-heal|p1a: Cloyster|27\/100 tox|[from] item: Leftovers
|upkeep
|turn|20
|
|switch|p1a: Gengar|Gengar, M|100\/100
|-damage|p1a: Gengar|88\/100|[from] Spikes
|switch|p2a: Tyranitar|Tyranitar, M|100\/100
|-damage|p2a: Tyranitar|88\/100|[from] Spikes
|
|-heal|p1a: Gengar|94\/100|[from] item: Leftovers
|-heal|p2a: Tyranitar|94\/100|[from] item: Leftovers
|upkeep
|turn|21
|
|move|p1a: Gengar|Hypnosis|p2a: Tyranitar|[miss]
|-miss|p1a: Gengar
|move|p2a: Tyranitar|Earthquake|p1a: Gengar
|-supereffective|p1a: Gengar
|-damage|p1a: Gengar|11\/100
|
|-heal|p1a: Gengar|17\/100|[from] item: Leftovers
|-heal|p2a: Tyranitar|100\/100|[from] item: Leftovers
|upkeep
|turn|22
|
|move|p1a: Gengar|Hypnosis|p2a: Tyranitar|[miss]
|-miss|p1a: Gengar
|move|p2a: Tyranitar|Pursuit|p1a: Gengar
|-supereffective|p1a: Gengar
|-damage|p1a: Gengar|0 fnt
|faint|p1a: Gengar
|
|switch|p1a: Vaporeon|Vaporeon, M|100\/100
|-damage|p1a: Vaporeon|88\/100|[from] Spikes
|
|-heal|p1a: Vaporeon|94\/100|[from] item: Leftovers
|upkeep
|turn|23
|
|switch|p2a: Exeggutor|Exeggutor, M|100\/100
|-damage|p2a: Exeggutor|88\/100|[from] Spikes
|move|p1a: Vaporeon|Surf|p2a: Exeggutor
|-resisted|p2a: Exeggutor
|-damage|p2a: Exeggutor|69\/100
|
|-heal|p1a: Vaporeon|99\/100|[from] item: Leftovers
|-heal|p2a: Exeggutor|76\/100|[from] item: Leftovers
|upkeep
|turn|24
|
|switch|p1a: Zapdos|Zapdos|100\/100 par
|move|p2a: Exeggutor|Psychic|p1a: Zapdos
|-damage|p1a: Zapdos|63\/100 par
|-unboost|p1a: Zapdos|spd|1
|
|-heal|p2a: Exeggutor|82\/100|[from] item: Leftovers
|-heal|p1a: Zapdos|69\/100 par|[from] item: Leftovers
|upkeep
|turn|25
|
|move|p2a: Exeggutor|Psychic|p1a: Zapdos
|-damage|p1a: Zapdos|20\/100 par
|cant|p1a: Zapdos|par
|
|-heal|p2a: Exeggutor|88\/100|[from] item: Leftovers
|-heal|p1a: Zapdos|26\/100 par|[from] item: Leftovers
|upkeep
|turn|26
|
|switch|p1a: Snorlax|Snorlax, M|100\/100
|-damage|p1a: Snorlax|88\/100|[from] Spikes
|move|p2a: Exeggutor|Psychic|p1a: Snorlax
|-damage|p1a: Snorlax|66\/100
|
|-heal|p2a: Exeggutor|94\/100|[from] item: Leftovers
|-heal|p1a: Snorlax|72\/100|[from] item: Leftovers
|upkeep
|turn|27
|
|move|p2a: Exeggutor|Sleep Powder|p1a: Snorlax
|-status|p1a: Snorlax|slp|[from] move: Sleep Powder
|cant|p1a: Snorlax|slp
|
|-heal|p2a: Exeggutor|99\/100|[from] item: Leftovers
|-heal|p1a: Snorlax|79\/100 slp|[from] item: Leftovers
|upkeep
|turn|28
|
|move|p2a: Exeggutor|Psychic|p1a: Snorlax
|-damage|p1a: Snorlax|58\/100 slp
|-curestatus|p1a: Snorlax|slp|[msg]
|move|p1a: Snorlax|Double-Edge|p2a: Exeggutor
|-damage|p2a: Exeggutor|59\/100
|-damage|p1a: Snorlax|50\/100|[from] Recoil|[of] p2a: Exeggutor
|
|-heal|p2a: Exeggutor|65\/100|[from] item: Leftovers
|-heal|p1a: Snorlax|56\/100|[from] item: Leftovers
|upkeep
|turn|29
|
|switch|p1a: Cloyster|Cloyster, M|27\/100 tox
|-status|p1a: Cloyster|psn|[silent]
|-damage|p1a: Cloyster|15\/100 psn|[from] Spikes
|-damage|p1a: Cloyster|3\/100 psn|[from] psn
|move|p2a: Exeggutor|Sleep Powder||[still]
|-fail|p2a: Exeggutor
|
|-heal|p1a: Cloyster|9\/100 psn|[from] item: Leftovers
|-heal|p2a: Exeggutor|71\/100|[from] item: Leftovers
|upkeep
|turn|30
|
|switch|p2a: Tyranitar|Tyranitar, M|100\/100
|-damage|p2a: Tyranitar|88\/100|[from] Spikes
|move|p1a: Cloyster|Surf|p2a: Tyranitar
|-supereffective|p2a: Tyranitar
|-damage|p2a: Tyranitar|35\/100
|-damage|p1a: Cloyster|0 fnt|[from] psn|[of] p2a: Tyranitar
|faint|p1a: Cloyster
|
|switch|p1a: Vaporeon|Vaporeon, M|99\/100
|-damage|p1a: Vaporeon|88\/100|[from] Spikes
|
|-heal|p1a: Vaporeon|94\/100|[from] item: Leftovers
|-heal|p2a: Tyranitar|41\/100|[from] item: Leftovers
|upkeep
|turn|31
|
|switch|p2a: Zapdos|Zapdos|66\/100
|move|p1a: Vaporeon|Surf|p2a: Zapdos
|-damage|p2a: Zapdos|34\/100
|
|-heal|p2a: Zapdos|40\/100|[from] item: Leftovers
|-heal|p1a: Vaporeon|99\/100|[from] item: Leftovers
|upkeep
|turn|32
|
|switch|p1a: Steelix|Steelix, M|70\/100
|-damage|p1a: Steelix|58\/100|[from] Spikes
|move|p2a: Zapdos|Thunder|p1a: Steelix
|-immune|p1a: Steelix
|
|-heal|p2a: Zapdos|46\/100|[from] item: Leftovers
|-heal|p1a: Steelix|64\/100|[from] item: Leftovers
|upkeep
|turn|33
|
|switch|p1a: Snorlax|Snorlax, M|56\/100
|-damage|p1a: Snorlax|44\/100|[from] Spikes
|move|p2a: Zapdos|Hidden Power|p1a: Snorlax
|-damage|p1a: Snorlax|32\/100
|
|-heal|p2a: Zapdos|52\/100|[from] item: Leftovers
|-heal|p1a: Snorlax|38\/100|[from] item: Leftovers
|upkeep
|turn|34
|
|switch|p2a: Machamp|Machamp, M|100\/100
|-damage|p2a: Machamp|88\/100|[from] Spikes
|move|p1a: Snorlax|Rest|p1a: Snorlax
|-status|p1a: Snorlax|slp|[from] move: Rest
|-heal|p1a: Snorlax|100\/100 slp|[silent]
|
|-heal|p2a: Machamp|94\/100|[from] item: Leftovers
|upkeep
|turn|35
|
|switch|p1a: Zapdos|Zapdos|26\/100 par
|move|p2a: Machamp|Cross Chop|p1a: Zapdos
|-crit|p1a: Zapdos
|-resisted|p1a: Zapdos
|-damage|p1a: Zapdos|0 fnt
|faint|p1a: Zapdos
|
|switch|p1a: Vaporeon|Vaporeon, M|99\/100
|-damage|p1a: Vaporeon|88\/100|[from] Spikes
|
|-heal|p1a: Vaporeon|94\/100|[from] item: Leftovers
|-heal|p2a: Machamp|99\/100|[from] item: Leftovers
|upkeep
|turn|36
|
|switch|p2a: Exeggutor|Exeggutor, M|71\/100
|-damage|p2a: Exeggutor|58\/100|[from] Spikes
|move|p1a: Vaporeon|Surf|p2a: Exeggutor
|-resisted|p2a: Exeggutor
|-damage|p2a: Exeggutor|39\/100
|
|-heal|p1a: Vaporeon|99\/100|[from] item: Leftovers
|-heal|p2a: Exeggutor|45\/100|[from] item: Leftovers
|upkeep
|turn|37
|
|switch|p1a: Snorlax|Snorlax, M|100\/100 slp
|-damage|p1a: Snorlax|88\/100 slp|[from] Spikes
|move|p2a: Exeggutor|Giga Drain|p1a: Snorlax
|-damage|p1a: Snorlax|74\/100 slp
|-heal|p2a: Exeggutor|54\/100|[from] drain|[of] p1a: Snorlax
|
|-heal|p2a: Exeggutor|61\/100|[from] item: Leftovers
|-heal|p1a: Snorlax|80\/100 slp|[from] item: Leftovers
|upkeep
|turn|38
|
|move|p2a: Exeggutor|Psychic|p1a: Snorlax
|-damage|p1a: Snorlax|60\/100 slp
|cant|p1a: Snorlax|slp
|
|-heal|p2a: Exeggutor|67\/100|[from] item: Leftovers
|-heal|p1a: Snorlax|66\/100 slp|[from] item: Leftovers
|upkeep
|turn|39
|
|move|p2a: Exeggutor|Psychic|p1a: Snorlax
|-damage|p1a: Snorlax|42\/100 slp
|cant|p1a: Snorlax|slp
|
|-heal|p2a: Exeggutor|73\/100|[from] item: Leftovers
|-heal|p1a: Snorlax|48\/100 slp|[from] item: Leftovers
|upkeep
|turn|40
|
|switch|p2a: Machamp|Machamp, M|99\/100
|-damage|p2a: Machamp|88\/100|[from] Spikes
|-curestatus|p1a: Snorlax|slp|[msg]
|move|p1a: Snorlax|Rest|p1a: Snorlax
|-status|p1a: Snorlax|slp|[from] move: Rest
|-heal|p1a: Snorlax|100\/100 slp|[silent]
|
|-heal|p2a: Machamp|94\/100|[from] item: Leftovers
|upkeep
|turn|41
|
|switch|p1a: Vaporeon|Vaporeon, M|99\/100
|-damage|p1a: Vaporeon|88\/100|[from] Spikes
|move|p2a: Machamp|Curse|p2a: Machamp
|-unboost|p2a: Machamp|spe|1
|-boost|p2a: Machamp|atk|1
|-boost|p2a: Machamp|def|1
|
|-heal|p1a: Vaporeon|94\/100|[from] item: Leftovers
|-heal|p2a: Machamp|99\/100|[from] item: Leftovers
|upkeep
|turn|42
|
|move|p1a: Vaporeon|Surf|p2a: Machamp
|-damage|p2a: Machamp|68\/100
|move|p2a: Machamp|Cross Chop|p1a: Vaporeon|[miss]
|-miss|p2a: Machamp
|
|-heal|p1a: Vaporeon|99\/100|[from] item: Leftovers
|-heal|p2a: Machamp|74\/100|[from] item: Leftovers
|upkeep
|turn|43
|
|move|p1a: Vaporeon|Surf|p2a: Machamp
|-damage|p2a: Machamp|37\/100
|move|p2a: Machamp|Cross Chop|p1a: Vaporeon
|-crit|p1a: Vaporeon
|-damage|p1a: Vaporeon|0 fnt
|faint|p1a: Vaporeon
|
|switch|p1a: Steelix|Steelix, M|64\/100
|-damage|p1a: Steelix|52\/100|[from] Spikes
|
|-heal|p1a: Steelix|58\/100|[from] item: Leftovers
|-heal|p2a: Machamp|43\/100|[from] item: Leftovers
|upkeep
|turn|44
|
|switch|p2a: Zapdos|Zapdos|52\/100
|move|p1a: Steelix|Earthquake|p2a: Zapdos
|-immune|p2a: Zapdos
|
|-heal|p2a: Zapdos|58\/100|[from] item: Leftovers
|-heal|p1a: Steelix|64\/100|[from] item: Leftovers
|upkeep
|turn|45
|
|switch|p1a: Snorlax|Snorlax, M|100\/100 slp
|-damage|p1a: Snorlax|88\/100 slp|[from] Spikes
|move|p2a: Zapdos|Hidden Power|p1a: Snorlax
|-damage|p1a: Snorlax|76\/100 slp
|
|-heal|p2a: Zapdos|64\/100|[from] item: Leftovers
|-heal|p1a: Snorlax|82\/100 slp|[from] item: Leftovers
|upkeep
|turn|46
|
|switch|p2a: Snorlax|Snorlax, M|97\/100
|-damage|p2a: Snorlax|85\/100|[from] Spikes
|cant|p1a: Snorlax|slp
|
|-heal|p1a: Snorlax|88\/100 slp|[from] item: Leftovers
|-heal|p2a: Snorlax|91\/100|[from] item: Leftovers
|upkeep
|turn|47
|
|switch|p1a: Steelix|Steelix, M|64\/100
|-damage|p1a: Steelix|52\/100|[from] Spikes
|move|p2a: Snorlax|Double-Edge|p1a: Steelix
|-resisted|p1a: Steelix
|-damage|p1a: Steelix|40\/100
|-damage|p2a: Snorlax|89\/100|[from] Recoil|[of] p1a: Steelix
|
|-heal|p2a: Snorlax|95\/100|[from] item: Leftovers
|-heal|p1a: Steelix|46\/100|[from] item: Leftovers
|upkeep
|turn|48
|
|move|p2a: Snorlax|Double-Edge|p1a: Steelix
|-resisted|p1a: Steelix
|-damage|p1a: Steelix|34\/100
|-damage|p2a: Snorlax|93\/100|[from] Recoil|[of] p1a: Steelix
|move|p1a: Steelix|Earthquake|p2a: Snorlax
|-damage|p2a: Snorlax|68\/100
|
|-heal|p2a: Snorlax|74\/100|[from] item: Leftovers
|-heal|p1a: Steelix|40\/100|[from] item: Leftovers
|upkeep
|turn|49
|
|move|p2a: Snorlax|Curse|p2a: Snorlax
|-unboost|p2a: Snorlax|spe|1
|-boost|p2a: Snorlax|atk|1
|-boost|p2a: Snorlax|def|1
|move|p1a: Steelix|Earthquake|p2a: Snorlax
|-damage|p2a: Snorlax|55\/100
|
|-heal|p1a: Steelix|46\/100|[from] item: Leftovers
|-heal|p2a: Snorlax|61\/100|[from] item: Leftovers
|upkeep
|turn|50
|
|move|p1a: Steelix|Curse|p1a: Steelix
|-unboost|p1a: Steelix|spe|1
|-boost|p1a: Steelix|atk|1
|-boost|p1a: Steelix|def|1
|move|p2a: Snorlax|Double-Edge|p1a: Steelix
|-resisted|p1a: Steelix
|-damage|p1a: Steelix|34\/100
|-damage|p2a: Snorlax|59\/100|[from] Recoil|[of] p1a: Steelix
|
|-heal|p2a: Snorlax|65\/100|[from] item: Leftovers
|-heal|p1a: Steelix|40\/100|[from] item: Leftovers
|upkeep
|turn|51
|
|switch|p2a: Zapdos|Zapdos|64\/100
|move|p1a: Steelix|Earthquake|p2a: Zapdos
|-immune|p2a: Zapdos
|
|-heal|p2a: Zapdos|70\/100|[from] item: Leftovers
|-heal|p1a: Steelix|47\/100|[from] item: Leftovers
|upkeep
|turn|52
|
|switch|p1a: Snorlax|Snorlax, M|88\/100 slp
|-damage|p1a: Snorlax|76\/100 slp|[from] Spikes
|move|p2a: Zapdos|Thunder|p1a: Snorlax
|-damage|p1a: Snorlax|47\/100 slp
|
|-heal|p2a: Zapdos|76\/100|[from] item: Leftovers
|-heal|p1a: Snorlax|53\/100 slp|[from] item: Leftovers
|upkeep
|turn|53
|
|switch|p2a: Cloyster|Cloyster, M|44\/100 tox
|-status|p2a: Cloyster|psn|[silent]
|-damage|p2a: Cloyster|32\/100 psn|[from] Spikes
|-damage|p2a: Cloyster|19\/100 psn|[from] psn
|cant|p1a: Snorlax|slp
|
|-heal|p2a: Cloyster|25\/100 psn|[from] item: Leftovers
|-heal|p1a: Snorlax|60\/100 slp|[from] item: Leftovers
|upkeep
|turn|54
|
|switch|p1a: Steelix|Steelix, M|47\/100
|-damage|p1a: Steelix|34\/100|[from] Spikes
|move|p2a: Cloyster|Explosion|p1a: Steelix
|-resisted|p1a: Steelix
|-damage|p1a: Steelix|5\/100
|faint|p2a: Cloyster
|
|switch|p2a: Exeggutor|Exeggutor, M|73\/100
|-damage|p2a: Exeggutor|60\/100|[from] Spikes
|
|-heal|p2a: Exeggutor|66\/100|[from] item: Leftovers
|-heal|p1a: Steelix|11\/100|[from] item: Leftovers
|upkeep
|turn|55
|c|☆the pirate99|gg
|c|☆FriendOfMrGolem120|gg
|-message|the pirate99 forfeited.
|
|win|FriendOfMrGolem120
</script>
</div>
<div class="battle-log battle-log-inline"><div class="inner"><div class="battle-options"></div><div class="inner"><div class="chat message-error">Battle timer is ON: inactive players will automatically lose when time's up.</div><div class=""><small>Format:</small> <br><strong>[Gen 2] OU</strong></div><div class=""><small><em>Sleep Clause Mod:</em> Limit one foe put to sleep</small></div><div class=""><small><em>Freeze Clause Mod:</em> Limit one foe frozen</small></div><div class=""><small><em>Species Clause:</em> Limit one of each Pokémon</small></div><div class=""><small><em>OHKO Clause:</em> OHKO moves are banned</small></div><div class=""><small><em>Evasion Moves Clause:</em> Evasion moves are banned</small></div><div class=""><small><em>HP Percentage Mod:</em> HP is shown in percentages</small></div><div class="spacer battle-history"><br></div><div class="battle-history">Battle started between the pirate99 and FriendOfMrGolem120!<br></div><div class="spacer battle-history"><br></div><div class="battle-history">Go! <strong>Cloyster</strong>!<br></div><div class="spacer battle-history"><br></div><div class="battle-history">FriendOfMrGolem120 sent out <strong>Zapdos</strong>!<br></div><div class="spacer battle-history"><br></div><h2 class="battle-history">Turn 1</h2><div class="chat"><div class="broadcast-red"><strong>Moderated chat was set to ☆!</strong><br>Only users of rank ☆ and higher can talk.</div></div><div class="spacer battle-history"><br></div><div class="battle-history">Cloyster, come back!<br></div><div class="battle-history">Go! <strong>Steelix</strong>!<br></div><div class="spacer battle-history"><br></div><div class="battle-history">The opposing Zapdos used <strong>Thunder</strong>!<br></div><div class="battle-history"><small>It doesn't affect Steelix...</small><br></div><div class="spacer battle-history"><br></div><h2 class="battle-history">Turn 2</h2><div class="spacer battle-history"><br></div><div class="battle-history">The opposing Zapdos used <strong>Thunder</strong>!<br></div><div class="battle-history"><small>It doesn't affect Steelix...</small><br></div><div class="spacer battle-history"><br></div><div class="battle-history">Steelix used <strong>Roar</strong>!<br></div><div class="spacer battle-history"><br></div><div class="battle-history"><strong>Snorlax</strong> was dragged out!<br></div><div class="spacer battle-history"><br></div><h2 class="battle-history">Turn 3</h2><div class="spacer battle-history"><br></div><div class="battle-history">FriendOfMrGolem120 withdrew Snorlax!<br></div><div class="battle-history">FriendOfMrGolem120 sent out <strong>Cloyster</strong>!<br></div><div class="spacer battle-history"><br></div><div class="battle-history">Steelix used <strong>Roar</strong>!<br></div><div class="spacer battle-history"><br></div><div class="battle-history"><strong>Tyranitar</strong> was dragged out!<br></div><div class="spacer battle-history"><br></div><h2 class="battle-history">Turn 4</h2><div class="spacer battle-history"><br></div><div class="battle-history">FriendOfMrGolem120 withdrew Tyranitar!<br></div><div class="battle-history">FriendOfMrGolem120 sent out <strong>Zapdos</strong>!<br></div><div class="spacer battle-history"><br></div><div class="battle-history">Steelix, come back!<br></div><div class="battle-history">Go! <strong>Vaporeon</strong>!<br></div><div class="spacer battle-history"><br></div><h2 class="battle-history">Turn 5</h2><div class="spacer battle-history"><br></div><div class="battle-history">Vaporeon, come back!<br></div><div class="battle-history">Go! <strong>Steelix</strong>!<br></div><div class="spacer battle-history"><br></div><div class="battle-history">The opposing Zapdos used <strong>Thunder</strong>!<br></div><div class="battle-history"><small>It doesn't affect Steelix...</small><br></div><div class="spacer battle-history"><br></div><h2 class="battle-history">Turn 6</h2><div class="spacer battle-history"><br></div><div class="battle-history">The opposing Zapdos used <strong>Hidden Power</strong>!<br></div><div class="battle-history"><small>(Steelix lost 24% of its health!)</small><br></div><div class="spacer battle-history"><br></div><div class="battle-history">Steelix used <strong>Roar</strong>!<br></div><div class="spacer battle-history"><br></div><div class="battle-history"><strong>Exeggutor</strong> was dragged out!<br></div><div class="spacer battle-history"><br></div><div class="battle-history"><small>Steelix restored a little HP using its Leftovers!</small><br></div><div class="spacer battle-history"><br></div><h2 class="battle-history">Turn 7</h2><div class="spacer battle-history"><br></div><div class="battle-history">FriendOfMrGolem120 withdrew Exeggutor!<br></div><div class="battle-history">FriendOfMrGolem120 sent out <strong>Zapdos</strong>!<br></div><div class="spacer battle-history"><br></div><div class="battle-history">Steelix, come back!<br></div><div class="battle-history">Go! <strong>Zapdos</strong>!<br></div><div class="spacer battle-history"><br></div><h2 class="battle-history">Turn 8</h2><div class="spacer battle-history"><br></div><div class="battle-history">Zapdos used <strong>Thunder</strong>!<br></div><div class="battle-history"><small>(The opposing Zapdos lost 46% of its health!)</small><br></div><div class="spacer battle-history"><br></div><div class="battle-history">The opposing Zapdos used <strong>Thunder Wave</strong>!<br></div><div class="battle-history"><small>Zapdos is paralyzed! It may be unable to move!</small><br></div><div class="spacer battle-history"><br></div><div class="battle-history"><small>The opposing Zapdos restored a little HP using its Leftovers!</small><br></div><div class="spacer battle-history"><br></div><h2 class="battle-history">Turn 9</h2><div class="spacer battle-history"><br></div><div class="battle-history">FriendOfMrGolem120 withdrew Zapdos!<br></div><div class="battle-history">FriendOfMrGolem120 sent out <strong>Snorlax</strong>!<br></div><div class="spacer battle-history"><br></div><div class="battle-history">Zapdos is paralyzed! It can't move!<br></div><div class="spacer battle-history"><br></div><h2 class="battle-history">Turn 10</h2><div class="spacer battle-history"><br></div><div class="battle-history">Zapdos, come back!<br></div><div class="battle-history">Go! <strong>Steelix</strong>!<br></div><div class="spacer battle-history"><br></div><div class="battle-history">The opposing Snorlax used <strong>Curse</strong>!<br></div><div class="battle-history"><small>The opposing Snorlax's Speed fell!</small><br></div><div class="battle-history"><small>The opposing Snorlax's Attack rose!</small><br></div><div class="battle-history"><small>The opposing Snorlax's Defense rose!</small><br></div><div class="spacer battle-history"><br></div><div class="battle-history"><small>Steelix restored a little HP using its Leftovers!</small><br></div><div class="spacer battle-history"><br></div><h2 class="battle-history">Turn 11</h2><div class="spacer battle-history"><br></div><div class="battle-history">The opposing Snorlax used <strong>Double-Edge</strong>!<br></div><div class="battle-history"><small>It's not very effective...</small><br></div><div class="battle-history"><small>(Steelix lost 18% of its health!)</small><br></div><div class="battle-history"><small>The opposing Snorlax was damaged by the recoil!</small><br></div><div class="spacer battle-history"><br></div><div class="battle-history">Steelix used <strong>Roar</strong>!<br></div><div class="spacer battle-history"><br></div><div class="battle-history"><strong>Zapdos</strong> was dragged out!<br></div><div class="spacer battle-history"><br></div><div class="battle-history"><small>The opposing Zapdos restored a little HP using its Leftovers!</small><br></div><div class="battle-history"><small>Steelix restored a little HP using its Leftovers!</small><br></div><div class="spacer battle-history"><br></div><h2 class="battle-history">Turn 12</h2><div class="spacer battle-history"><br></div><div class="battle-history">FriendOfMrGolem120 withdrew Zapdos!<br></div><div class="battle-history">FriendOfMrGolem120 sent out <strong>Snorlax</strong>!<br></div><div class="spacer battle-history"><br></div><div class="battle-history">Steelix, come back!<br></div><div class="battle-history">Go! <strong>Snorlax</strong>!<br></div><div class="spacer battle-history"><br></div><div class="battle-history"><small>The opposing Snorlax restored a little HP using its Leftovers!</small><br></div><div class="spacer battle-history"><br></div><h2 class="battle-history">Turn 13</h2><div class="spacer battle-history"><br></div><div class="battle-history">Snorlax, come back!<br></div><div class="battle-history">Go! <strong>Steelix</strong>!<br></div><div class="spacer battle-history"><br></div><div class="battle-history">The opposing Snorlax used <strong>Curse</strong>!<br></div><div class="battle-history"><small>The opposing Snorlax's Speed fell!</small><br></div><div class="battle-history"><small>The opposing Snorlax's Attack rose!</small><br></div><div class="battle-history"><small>The opposing Snorlax's Defense rose!</small><br></div><div class="spacer battle-history"><br></div><div class="battle-history"><small>Steelix restored a little HP using its Leftovers!</small><br></div><div class="spacer battle-history"><br></div><h2 class="battle-history">Turn 14</h2><div class="spacer battle-history"><br></div><div class="battle-history">The opposing Snorlax used <strong>Double-Edge</strong>!<br></div><div class="battle-history"><small>It's not very effective...</small><br></div><div class="battle-history"><small>(Steelix lost 18% of its health!)</small><br></div><div class="battle-history"><small>The opposing Snorlax was damaged by the recoil!</small><br></div><div class="spacer battle-history"><br></div><div class="battle-history">Steelix used <strong>Roar</strong>!<br></div><div class="spacer battle-history"><br></div><div class="battle-history"><strong>Tyranitar</strong> was dragged out!<br></div><div class="spacer battle-history"><br></div><div class="battle-history"><small>Steelix restored a little HP using its Leftovers!</small><br></div><div class="spacer battle-history"><br></div><h2 class="battle-history">Turn 15</h2><div class="spacer battle-history"><br></div><div class="battle-history">FriendOfMrGolem120 withdrew Tyranitar!<br></div><div class="battle-history">FriendOfMrGolem120 sent out <strong>Cloyster</strong>!<br></div><div class="spacer battle-history"><br></div><div class="battle-history">Steelix, come back!<br></div><div class="battle-history">Go! <strong>Cloyster</strong>!<br></div><div class="spacer battle-history"><br></div><h2 class="battle-history">Turn 16</h2><div class="spacer battle-history"><br></div><div class="battle-history">Cloyster used <strong>Spikes</strong>!<br></div><div class="battle-history"><small>Spikes were scattered on the ground all around the opposing team!</small><br></div><div class="spacer battle-history"><br></div><div class="battle-history">The opposing Cloyster used <strong>Toxic</strong>!<br></div><div class="battle-history"><small>Cloyster was badly poisoned!</small><br></div><div class="spacer battle-history"><br></div><h2 class="battle-history">Turn 17</h2><div class="spacer battle-history"><br></div><div class="battle-history">The opposing Cloyster used <strong>Spikes</strong>!<br></div><div class="battle-history"><small>Spikes were scattered on the ground all around your team!</small><br></div><div class="spacer battle-history"><br></div><div class="battle-history">Cloyster used <strong>Toxic</strong>!<br></div><div class="battle-history"><small>The opposing Cloyster was badly poisoned!</small><br></div><div class="battle-history"><small>Cloyster was hurt by poison!</small><br></div><div class="spacer battle-history"><br></div><div class="battle-history"><small>Cloyster restored a little HP using its Leftovers!</small><br></div><div class="spacer battle-history"><br></div><h2 class="battle-history">Turn 18</h2><div class="spacer battle-history"><br></div><div class="battle-history">The opposing Cloyster used <strong>Surf</strong>!<br></div><div class="battle-history"><small>It's not very effective...</small><br></div><div class="battle-history"><small>(Cloyster lost 28% of its health!)</small><br></div><div class="battle-history"><small>The opposing Cloyster was hurt by poison!</small><br></div><div class="spacer battle-history"><br></div><div class="battle-history">Cloyster used <strong>Surf</strong>!<br></div><div class="battle-history"><small>It's not very effective...</small><br></div><div class="battle-history"><small>(The opposing Cloyster lost 26% of its health!)</small><br></div><div class="battle-history"><small>Cloyster was hurt by poison!</small><br></div><div class="spacer battle-history"><br></div><div class="battle-history"><small>The opposing Cloyster restored a little HP using its Leftovers!</small><br></div><div class="battle-history"><small>Cloyster restored a little HP using its Leftovers!</small><br></div><div class="spacer battle-history"><br></div><h2 class="battle-history">Turn 19</h2><div class="spacer battle-history"><br></div><div class="battle-history">The opposing Cloyster used <strong>Surf</strong>!<br></div><div class="battle-history"><small>It's not very effective...</small><br></div><div class="battle-history"><small>(Cloyster lost 28% of its health!)</small><br></div><div class="battle-history"><small>The opposing Cloyster was hurt by poison!</small><br></div><div class="spacer battle-history"><br></div><div class="battle-history">Cloyster used <strong>Surf</strong>!<br></div><div class="battle-history"><small>It's not very effective...</small><br></div><div class="battle-history"><small>(The opposing Cloyster lost 25% of its health!)</small><br></div><div class="battle-history"><small>Cloyster was hurt by poison!</small><br></div><div class="spacer battle-history"><br></div><div class="battle-history"><small>The opposing Cloyster restored a little HP using its Leftovers!</small><br></div><div class="battle-history"><small>Cloyster restored a little HP using its Leftovers!</small><br></div><div class="spacer battle-history"><br></div><h2 class="battle-history">Turn 20</h2><div class="spacer battle-history"><br></div><div class="battle-history">Cloyster, come back!<br></div><div class="battle-history">Go! <strong>Gengar</strong>!<br></div><div class="battle-history"><small>Gengar was hurt by the spikes!</small><br></div><div class="spacer battle-history"><br></div><div class="battle-history">FriendOfMrGolem120 withdrew Cloyster!<br></div><div class="battle-history">FriendOfMrGolem120 sent out <strong>Tyranitar</strong>!<br></div><div class="battle-history"><small>The opposing Tyranitar was hurt by the spikes!</small><br></div><div class="spacer battle-history"><br></div><div class="battle-history"><small>Gengar restored a little HP using its Leftovers!</small><br></div><div class="battle-history"><small>The opposing Tyranitar restored a little HP using its Leftovers!</small><br></div><div class="spacer battle-history"><br></div><h2 class="battle-history">Turn 21</h2><div class="spacer battle-history"><br></div><div class="battle-history">Gengar used <strong>Hypnosis</strong>!<br></div><div class="battle-history"><small>Gengar's attack missed!</small><br></div><div class="spacer battle-history"><br></div><div class="battle-history">The opposing Tyranitar used <strong>Earthquake</strong>!<br></div><div class="battle-history"><small>It's super effective!</small><br></div><div class="battle-history"><small>(Gengar lost 83% of its health!)</small><br></div><div class="spacer battle-history"><br></div><div class="battle-history"><small>Gengar restored a little HP using its Leftovers!</small><br></div><div class="battle-history"><small>The opposing Tyranitar restored a little HP using its Leftovers!</small><br></div><div class="spacer battle-history"><br></div><h2 class="battle-history">Turn 22</h2><div class="spacer battle-history"><br></div><div class="battle-history">Gengar used <strong>Hypnosis</strong>!<br></div><div class="battle-history"><small>Gengar's attack missed!</small><br></div><div class="spacer battle-history"><br></div><div class="battle-history">The opposing Tyranitar used <strong>Pursuit</strong>!<br></div><div class="battle-history"><small>It's super effective!</small><br></div><div class="battle-history"><small>(Gengar lost 17% of its health!)</small><br></div><div class="spacer battle-history"><br></div><div class="battle-history">Gengar fainted!<br></div><div class="spacer battle-history"><br></div><div class="battle-history">Go! <strong>Vaporeon</strong>!<br></div><div class="battle-history"><small>Vaporeon was hurt by the spikes!</small><br></div><div class="spacer battle-history"><br></div><div class="battle-history"><small>Vaporeon restored a little HP using its Leftovers!</small><br></div><div class="spacer battle-history"><br></div><h2 class="battle-history">Turn 23</h2><div class="spacer battle-history"><br></div><div class="battle-history">FriendOfMrGolem120 withdrew Tyranitar!<br></div><div class="battle-history">FriendOfMrGolem120 sent out <strong>Exeggutor</strong>!<br></div><div class="battle-history"><small>The opposing Exeggutor was hurt by the spikes!</small><br></div><div class="spacer battle-history"><br></div><div class="battle-history">Vaporeon used <strong>Surf</strong>!<br></div><div class="battle-history"><small>It's not very effective...</small><br></div><div class="battle-history"><small>(The opposing Exeggutor lost 19% of its health!)</small><br></div><div class="spacer battle-history"><br></div><div class="battle-history"><small>Vaporeon restored a little HP using its Leftovers!</small><br></div><div class="battle-history"><small>The opposing Exeggutor restored a little HP using its Leftovers!</small><br></div><div class="spacer battle-history"><br></div><h2 class="battle-history">Turn 24</h2><div class="spacer battle-history"><br></div><div class="battle-history">Vaporeon, come back!<br></div><div class="battle-history">Go! <strong>Zapdos</strong>!<br></div><div class="spacer battle-history"><br></div><div class="battle-history">The opposing Exeggutor used <strong>Psychic</strong>!<br></div><div class="battle-history"><small>(Zapdos lost 37% of its health!)</small><br></div><div class="battle-history"><small>Zapdos's Sp. Def fell!</small><br></div><div class="spacer battle-history"><br></div><div class="battle-history"><small>The opposing Exeggutor restored a little HP using its Leftovers!</small><br></div><div class="battle-history"><small>Zapdos restored a little HP using its Leftovers!</small><br></div><div class="spacer battle-history"><br></div><h2 class="battle-history">Turn 25</h2><div class="spacer battle-history"><br></div><div class="battle-history">The opposing Exeggutor used <strong>Psychic</strong>!<br></div><div class="battle-history"><small>(Zapdos lost 49% of its health!)</small><br></div><div class="spacer battle-history"><br></div><div class="battle-history">Zapdos is paralyzed! It can't move!<br></div><div class="spacer battle-history"><br></div><div class="battle-history"><small>The opposing Exeggutor restored a little HP using its Leftovers!</small><br></div><div class="battle-history"><small>Zapdos restored a little HP using its Leftovers!</small><br></div><div class="spacer battle-history"><br></div><h2 class="battle-history">Turn 26</h2><div class="spacer battle-history"><br></div><div class="battle-history">Zapdos, come back!<br></div><div class="battle-history">Go! <strong>Snorlax</strong>!<br></div><div class="battle-history"><small>Snorlax was hurt by the spikes!</small><br></div><div class="spacer battle-history"><br></div><div class="battle-history">The opposing Exeggutor used <strong>Psychic</strong>!<br></div><div class="battle-history"><small>(Snorlax lost 22% of its health!)</small><br></div><div class="spacer battle-history"><br></div><div class="battle-history"><small>The opposing Exeggutor restored a little HP using its Leftovers!</small><br></div><div class="battle-history"><small>Snorlax restored a little HP using its Leftovers!</small><br></div><div class="spacer battle-history"><br></div><h2 class="battle-history">Turn 27</h2><div class="spacer battle-history"><br></div><div class="battle-history">The opposing Exeggutor used <strong>Sleep Powder</strong>!<br></div><div class="battle-history"><small>Snorlax fell asleep!</small><br></div><div class="spacer battle-history"><br></div><div class="battle-history">Snorlax is fast asleep.<br></div><div class="spacer battle-history"><br></div><div class="battle-history"><small>The opposing Exeggutor restored a little HP using its Leftovers!</small><br></div><div class="battle-history"><small>Snorlax restored a little HP using its Leftovers!</small><br></div><div class="spacer battle-history"><br></div><h2 class="battle-history">Turn 28</h2><div class="spacer battle-history"><br></div><div class="battle-history">The opposing Exeggutor used <strong>Psychic</strong>!<br></div><div class="battle-history"><small>(Snorlax lost 21% of its health!)</small><br></div><div class="battle-history"><small>Snorlax woke up!</small><br></div><div class="spacer battle-history"><br></div><div class="battle-history">Snorlax used <strong>Double-Edge</strong>!<br></div><div class="battle-history"><small>(The opposing Exeggutor lost 40% of its health!)</small><br></div><div class="battle-history"><small>Snorlax was damaged by the recoil!</small><br></div><div class="spacer battle-history"><br></div><div class="battle-history"><small>The opposing Exeggutor restored a little HP using its Leftovers!</small><br></div><div class="battle-history"><small>Snorlax restored a little HP using its Leftovers!</small><br></div><div class="spacer battle-history"><br></div><h2 class="battle-history">Turn 29</h2><div class="spacer battle-history"><br></div><div class="battle-history">Snorlax, come back!<br></div><div class="battle-history">Go! <strong>Cloyster</strong>!<br></div><div class="battle-history"><small>Cloyster was hurt by the spikes!</small><br></div><div class="battle-history"><small>Cloyster was hurt by poison!</small><br></div><div class="spacer battle-history"><br></div><div class="battle-history">The opposing Exeggutor used <strong>Sleep Powder</strong>!<br></div><div class="battle-history"><small>But it failed!</small><br></div><div class="spacer battle-history"><br></div><div class="battle-history"><small>Cloyster restored a little HP using its Leftovers!</small><br></div><div class="battle-history"><small>The opposing Exeggutor restored a little HP using its Leftovers!</small><br></div><div class="spacer battle-history"><br></div><h2 class="battle-history">Turn 30</h2><div class="spacer battle-history"><br></div><div class="battle-history">FriendOfMrGolem120 withdrew Exeggutor!<br></div><div class="battle-history">FriendOfMrGolem120 sent out <strong>Tyranitar</strong>!<br></div><div class="battle-history"><small>The opposing Tyranitar was hurt by the spikes!</small><br></div><div class="spacer battle-history"><br></div><div class="battle-history">Cloyster used <strong>Surf</strong>!<br></div><div class="battle-history"><small>It's super effective!</small><br></div><div class="battle-history"><small>(The opposing Tyranitar lost 53% of its health!)</small><br></div><div class="battle-history"><small>Cloyster was hurt by poison!</small><br></div><div class="spacer battle-history"><br></div><div class="battle-history">Cloyster fainted!<br></div><div class="spacer battle-history"><br></div><div class="battle-history">Go! <strong>Vaporeon</strong>!<br></div><div class="battle-history"><small>Vaporeon was hurt by the spikes!</small><br></div><div class="spacer battle-history"><br></div><div class="battle-history"><small>Vaporeon restored a little HP using its Leftovers!</small><br></div><div class="battle-history"><small>The opposing Tyranitar restored a little HP using its Leftovers!</small><br></div><div class="spacer battle-history"><br></div><h2 class="battle-history">Turn 31</h2><div class="spacer battle-history"><br></div><div class="battle-history">FriendOfMrGolem120 withdrew Tyranitar!<br></div><div class="battle-history">FriendOfMrGolem120 sent out <strong>Zapdos</strong>!<br></div><div class="spacer battle-history"><br></div><div class="battle-history">Vaporeon used <strong>Surf</strong>!<br></div><div class="battle-history"><small>(The opposing Zapdos lost 32% of its health!)</small><br></div><div class="spacer battle-history"><br></div><div class="battle-history"><small>The opposing Zapdos restored a little HP using its Leftovers!</small><br></div><div class="battle-history"><small>Vaporeon restored a little HP using its Leftovers!</small><br></div><div class="spacer battle-history"><br></div><h2 class="battle-history">Turn 32</h2><div class="spacer battle-history"><br></div><div class="battle-history">Vaporeon, come back!<br></div><div class="battle-history">Go! <strong>Steelix</strong>!<br></div><div class="battle-history"><small>Steelix was hurt by the spikes!</small><br></div><div class="spacer battle-history"><br></div><div class="battle-history">The opposing Zapdos used <strong>Thunder</strong>!<br></div><div class="battle-history"><small>It doesn't affect Steelix...</small><br></div><div class="spacer battle-history"><br></div><div class="battle-history"><small>The opposing Zapdos restored a little HP using its Leftovers!</small><br></div><div class="battle-history"><small>Steelix restored a little HP using its Leftovers!</small><br></div><div class="spacer battle-history"><br></div><h2 class="battle-history">Turn 33</h2><div class="spacer battle-history"><br></div><div class="battle-history">Steelix, come back!<br></div><div class="battle-history">Go! <strong>Snorlax</strong>!<br></div><div class="battle-history"><small>Snorlax was hurt by the spikes!</small><br></div><div class="spacer battle-history"><br></div><div class="battle-history">The opposing Zapdos used <strong>Hidden Power</strong>!<br></div><div class="battle-history"><small>(Snorlax lost 12% of its health!)</small><br></div><div class="spacer battle-history"><br></div><div class="battle-history"><small>The opposing Zapdos restored a little HP using its Leftovers!</small><br></div><div class="battle-history"><small>Snorlax restored a little HP using its Leftovers!</small><br></div><div class="spacer battle-history"><br></div><h2 class="battle-history">Turn 34</h2><div class="spacer battle-history"><br></div><div class="battle-history">FriendOfMrGolem120 withdrew Zapdos!<br></div><div class="battle-history">FriendOfMrGolem120 sent out <strong>Machamp</strong>!<br></div><div class="battle-history"><small>The opposing Machamp was hurt by the spikes!</small><br></div><div class="spacer battle-history"><br></div><div class="battle-history">Snorlax used <strong>Rest</strong>!<br></div><div class="battle-history"><small>Snorlax slept and became healthy!</small><br></div><div class="spacer battle-history"><br></div><div class="battle-history"><small>The opposing Machamp restored a little HP using its Leftovers!</small><br></div><div class="spacer battle-history"><br></div><h2 class="battle-history">Turn 35</h2><div class="spacer battle-history"><br></div><div class="battle-history">Snorlax, come back!<br></div><div class="battle-history">Go! <strong>Zapdos</strong>!<br></div><div class="spacer battle-history"><br></div><div class="battle-history">The opposing Machamp used <strong>Cross Chop</strong>!<br></div><div class="battle-history"><small>A critical hit!</small><br></div><div class="battle-history"><small>It's not very effective...</small><br></div><div class="battle-history"><small>(Zapdos lost 26% of its health!)</small><br></div><div class="spacer battle-history"><br></div><div class="battle-history">Zapdos fainted!<br></div><div class="spacer battle-history"><br></div><div class="battle-history">Go! <strong>Vaporeon</strong>!<br></div><div class="battle-history"><small>Vaporeon was hurt by the spikes!</small><br></div><div class="spacer battle-history"><br></div><div class="battle-history"><small>Vaporeon restored a little HP using its Leftovers!</small><br></div><div class="battle-history"><small>The opposing Machamp restored a little HP using its Leftovers!</small><br></div><div class="spacer battle-history"><br></div><h2 class="battle-history">Turn 36</h2><div class="spacer battle-history"><br></div><div class="battle-history">FriendOfMrGolem120 withdrew Machamp!<br></div><div class="battle-history">FriendOfMrGolem120 sent out <strong>Exeggutor</strong>!<br></div><div class="battle-history"><small>The opposing Exeggutor was hurt by the spikes!</small><br></div><div class="spacer battle-history"><br></div><div class="battle-history">Vaporeon used <strong>Surf</strong>!<br></div><div class="battle-history"><small>It's not very effective...</small><br></div><div class="battle-history"><small>(The opposing Exeggutor lost 19% of its health!)</small><br></div><div class="spacer battle-history"><br></div><div class="battle-history"><small>Vaporeon restored a little HP using its Leftovers!</small><br></div><div class="battle-history"><small>The opposing Exeggutor restored a little HP using its Leftovers!</small><br></div><div class="spacer battle-history"><br></div><h2 class="battle-history">Turn 37</h2><div class="spacer battle-history"><br></div><div class="battle-history">Vaporeon, come back!<br></div><div class="battle-history">Go! <strong>Snorlax</strong>!<br></div><div class="battle-history"><small>Snorlax was hurt by the spikes!</small><br></div><div class="spacer battle-history"><br></div><div class="battle-history">The opposing Exeggutor used <strong>Giga Drain</strong>!<br></div><div class="battle-history"><small>(Snorlax lost 14% of its health!)</small><br></div><div class="battle-history"><small>Snorlax had its energy drained!</small><br></div><div class="spacer battle-history"><br></div><div class="battle-history"><small>The opposing Exeggutor restored a little HP using its Leftovers!</small><br></div><div class="battle-history"><small>Snorlax restored a little HP using its Leftovers!</small><br></div><div class="spacer battle-history"><br></div><h2 class="battle-history">Turn 38</h2><div class="spacer battle-history"><br></div><div class="battle-history">The opposing Exeggutor used <strong>Psychic</strong>!<br></div><div class="battle-history"><small>(Snorlax lost 20% of its health!)</small><br></div><div class="spacer battle-history"><br></div><div class="battle-history">Snorlax is fast asleep.<br></div><div class="spacer battle-history"><br></div><div class="battle-history"><small>The opposing Exeggutor restored a little HP using its Leftovers!</small><br></div><div class="battle-history"><small>Snorlax restored a little HP using its Leftovers!</small><br></div><div class="spacer battle-history"><br></div><h2 class="battle-history">Turn 39</h2><div class="spacer battle-history"><br></div><div class="battle-history">The opposing Exeggutor used <strong>Psychic</strong>!<br></div><div class="battle-history"><small>(Snorlax lost 24% of its health!)</small><br></div><div class="spacer battle-history"><br></div><div class="battle-history">Snorlax is fast asleep.<br></div><div class="spacer battle-history"><br></div><div class="battle-history"><small>The opposing Exeggutor restored a little HP using its Leftovers!</small><br></div><div class="battle-history"><small>Snorlax restored a little HP using its Leftovers!</small><br></div><div class="spacer battle-history"><br></div><h2 class="battle-history">Turn 40</h2><div class="spacer battle-history"><br></div><div class="battle-history">FriendOfMrGolem120 withdrew Exeggutor!<br></div><div class="battle-history">FriendOfMrGolem120 sent out <strong>Machamp</strong>!<br></div><div class="battle-history"><small>The opposing Machamp was hurt by the spikes!</small><br></div><div class="battle-history"><small>Snorlax woke up!</small><br></div><div class="spacer battle-history"><br></div><div class="battle-history">Snorlax used <strong>Rest</strong>!<br></div><div class="battle-history"><small>Snorlax slept and became healthy!</small><br></div><div class="spacer battle-history"><br></div><div class="battle-history"><small>The opposing Machamp restored a little HP using its Leftovers!</small><br></div><div class="spacer battle-history"><br></div><h2 class="battle-history">Turn 41</h2><div class="spacer battle-history"><br></div><div class="battle-history">Snorlax, come back!<br></div><div class="battle-history">Go! <strong>Vaporeon</strong>!<br></div><div class="battle-history"><small>Vaporeon was hurt by the spikes!</small><br></div><div class="spacer battle-history"><br></div><div class="battle-history">The opposing Machamp used <strong>Curse</strong>!<br></div><div class="battle-history"><small>The opposing Machamp's Speed fell!</small><br></div><div class="battle-history"><small>The opposing Machamp's Attack rose!</small><br></div><div class="battle-history"><small>The opposing Machamp's Defense rose!</small><br></div><div class="spacer battle-history"><br></div><div class="battle-history"><small>Vaporeon restored a little HP using its Leftovers!</small><br></div><div class="battle-history"><small>The opposing Machamp restored a little HP using its Leftovers!</small><br></div><div class="spacer battle-history"><br></div><h2 class="battle-history">Turn 42</h2><div class="spacer battle-history"><br></div><div class="battle-history">Vaporeon used <strong>Surf</strong>!<br></div><div class="battle-history"><small>(The opposing Machamp lost 31% of its health!)</small><br></div><div class="spacer battle-history"><br></div><div class="battle-history">The opposing Machamp used <strong>Cross Chop</strong>!<br></div><div class="battle-history"><small>The opposing Machamp's attack missed!</small><br></div><div class="spacer battle-history"><br></div><div class="battle-history"><small>Vaporeon restored a little HP using its Leftovers!</small><br></div><div class="battle-history"><small>The opposing Machamp restored a little HP using its Leftovers!</small><br></div><div class="spacer battle-history"><br></div><h2 class="battle-history">Turn 43</h2><div class="spacer battle-history"><br></div><div class="battle-history">Vaporeon used <strong>Surf</strong>!<br></div><div class="battle-history"><small>(The opposing Machamp lost 37% of its health!)</small><br></div><div class="spacer battle-history"><br></div><div class="battle-history">The opposing Machamp used <strong>Cross Chop</strong>!<br></div><div class="battle-history"><small>A critical hit!</small><br></div><div class="battle-history"><small>(Vaporeon lost 99% of its health!)</small><br></div><div class="spacer battle-history"><br></div><div class="battle-history">Vaporeon fainted!<br></div><div class="spacer battle-history"><br></div><div class="battle-history">Go! <strong>Steelix</strong>!<br></div><div class="battle-history"><small>Steelix was hurt by the spikes!</small><br></div><div class="spacer battle-history"><br></div><div class="battle-history"><small>Steelix restored a little HP using its Leftovers!</small><br></div><div class="battle-history"><small>The opposing Machamp restored a little HP using its Leftovers!</small><br></div><div class="spacer battle-history"><br></div><h2 class="battle-history">Turn 44</h2><div class="spacer battle-history"><br></div><div class="battle-history">FriendOfMrGolem120 withdrew Machamp!<br></div><div class="battle-history">FriendOfMrGolem120 sent out <strong>Zapdos</strong>!<br></div><div class="spacer battle-history"><br></div><div class="battle-history">Steelix used <strong>Earthquake</strong>!<br></div><div class="battle-history"><small>It doesn't affect the opposing Zapdos...</small><br></div><div class="spacer battle-history"><br></div><div class="battle-history"><small>The opposing Zapdos restored a little HP using its Leftovers!</small><br></div><div class="battle-history"><small>Steelix restored a little HP using its Leftovers!</small><br></div><div class="spacer battle-history"><br></div><h2 class="battle-history">Turn 45</h2><div class="spacer battle-history"><br></div><div class="battle-history">Steelix, come back!<br></div><div class="battle-history">Go! <strong>Snorlax</strong>!<br></div><div class="battle-history"><small>Snorlax was hurt by the spikes!</small><br></div><div class="spacer battle-history"><br></div><div class="battle-history">The opposing Zapdos used <strong>Hidden Power</strong>!<br></div><div class="battle-history"><small>(Snorlax lost 12% of its health!)</small><br></div><div class="spacer battle-history"><br></div><div class="battle-history"><small>The opposing Zapdos restored a little HP using its Leftovers!</small><br></div><div class="battle-history"><small>Snorlax restored a little HP using its Leftovers!</small><br></div><div class="spacer battle-history"><br></div><h2 class="battle-history">Turn 46</h2><div class="spacer battle-history"><br></div><div class="battle-history">FriendOfMrGolem120 withdrew Zapdos!<br></div><div class="battle-history">FriendOfMrGolem120 sent out <strong>Snorlax</strong>!<br></div><div class="battle-history"><small>The opposing Snorlax was hurt by the spikes!</small><br></div><div class="spacer battle-history"><br></div><div class="battle-history">Snorlax is fast asleep.<br></div><div class="spacer battle-history"><br></div><div class="battle-history"><small>Snorlax restored a little HP using its Leftovers!</small><br></div><div class="battle-history"><small>The opposing Snorlax restored a little HP using its Leftovers!</small><br></div><div class="spacer battle-history"><br></div><h2 class="battle-history">Turn 47</h2><div class="spacer battle-history"><br></div><div class="battle-history">Snorlax, come back!<br></div><div class="battle-history">Go! <strong>Steelix</strong>!<br></div><div class="battle-history"><small>Steelix was hurt by the spikes!</small><br></div><div class="spacer battle-history"><br></div><div class="battle-history">The opposing Snorlax used <strong>Double-Edge</strong>!<br></div><div class="battle-history"><small>It's not very effective...</small><br></div><div class="battle-history"><small>(Steelix lost 12% of its health!)</small><br></div><div class="battle-history"><small>The opposing Snorlax was damaged by the recoil!</small><br></div><div class="spacer battle-history"><br></div><div class="battle-history"><small>The opposing Snorlax restored a little HP using its Leftovers!</small><br></div><div class="battle-history"><small>Steelix restored a little HP using its Leftovers!</small><br></div><div class="spacer battle-history"><br></div><h2 class="battle-history">Turn 48</h2><div class="spacer battle-history"><br></div><div class="battle-history">The opposing Snorlax used <strong>Double-Edge</strong>!<br></div><div class="battle-history"><small>It's not very effective...</small><br></div><div class="battle-history"><small>(Steelix lost 12% of its health!)</small><br></div><div class="battle-history"><small>The opposing Snorlax was damaged by the recoil!</small><br></div><div class="spacer battle-history"><br></div><div class="battle-history">Steelix used <strong>Earthquake</strong>!<br></div><div class="battle-history"><small>(The opposing Snorlax lost 25% of its health!)</small><br></div><div class="spacer battle-history"><br></div><div class="battle-history"><small>The opposing Snorlax restored a little HP using its Leftovers!</small><br></div><div class="battle-history"><small>Steelix restored a little HP using its Leftovers!</small><br></div><div class="spacer battle-history"><br></div><h2 class="battle-history">Turn 49</h2><div class="spacer battle-history"><br></div><div class="battle-history">The opposing Snorlax used <strong>Curse</strong>!<br></div><div class="battle-history"><small>The opposing Snorlax's Speed fell!</small><br></div><div class="battle-history"><small>The opposing Snorlax's Attack rose!</small><br></div><div class="battle-history"><small>The opposing Snorlax's Defense rose!</small><br></div><div class="spacer battle-history"><br></div><div class="battle-history">Steelix used <strong>Earthquake</strong>!<br></div><div class="battle-history"><small>(The opposing Snorlax lost 19% of its health!)</small><br></div><div class="spacer battle-history"><br></div><div class="battle-history"><small>Steelix restored a little HP using its Leftovers!</small><br></div><div class="battle-history"><small>The opposing Snorlax restored a little HP using its Leftovers!</small><br></div><div class="spacer battle-history"><br></div><h2 class="battle-history">Turn 50</h2><div class="spacer battle-history"><br></div><div class="battle-history">Steelix used <strong>Curse</strong>!<br></div><div class="battle-history"><small>Steelix's Speed fell!</small><br></div><div class="battle-history"><small>Steelix's Attack rose!</small><br></div><div class="battle-history"><small>Steelix's Defense rose!</small><br></div><div class="spacer battle-history"><br></div><div class="battle-history">The opposing Snorlax used <strong>Double-Edge</strong>!<br></div><div class="battle-history"><small>It's not very effective...</small><br></div><div class="battle-history"><small>(Steelix lost 12% of its health!)</small><br></div><div class="battle-history"><small>The opposing Snorlax was damaged by the recoil!</small><br></div><div class="spacer battle-history"><br></div><div class="battle-history"><small>The opposing Snorlax restored a little HP using its Leftovers!</small><br></div><div class="battle-history"><small>Steelix restored a little HP using its Leftovers!</small><br></div><div class="spacer battle-history"><br></div><h2 class="battle-history">Turn 51</h2><div class="spacer battle-history"><br></div><div class="battle-history">FriendOfMrGolem120 withdrew Snorlax!<br></div><div class="battle-history">FriendOfMrGolem120 sent out <strong>Zapdos</strong>!<br></div><div class="spacer battle-history"><br></div><div class="battle-history">Steelix used <strong>Earthquake</strong>!<br></div><div class="battle-history"><small>It doesn't affect the opposing Zapdos...</small><br></div><div class="spacer battle-history"><br></div><div class="battle-history"><small>The opposing Zapdos restored a little HP using its Leftovers!</small><br></div><div class="battle-history"><small>Steelix restored a little HP using its Leftovers!</small><br></div><div class="spacer battle-history"><br></div><h2 class="battle-history">Turn 52</h2><div class="spacer battle-history"><br></div><div class="battle-history">Steelix, come back!<br></div><div class="battle-history">Go! <strong>Snorlax</strong>!<br></div><div class="battle-history"><small>Snorlax was hurt by the spikes!</small><br></div><div class="spacer battle-history"><br></div><div class="battle-history">The opposing Zapdos used <strong>Thunder</strong>!<br></div><div class="battle-history"><small>(Snorlax lost 29% of its health!)</small><br></div><div class="spacer battle-history"><br></div><div class="battle-history"><small>The opposing Zapdos restored a little HP using its Leftovers!</small><br></div><div class="battle-history"><small>Snorlax restored a little HP using its Leftovers!</small><br></div><div class="spacer battle-history"><br></div><h2 class="battle-history">Turn 53</h2><div class="spacer battle-history"><br></div><div class="battle-history">FriendOfMrGolem120 withdrew Zapdos!<br></div><div class="battle-history">FriendOfMrGolem120 sent out <strong>Cloyster</strong>!<br></div><div class="battle-history"><small>The opposing Cloyster was hurt by the spikes!</small><br></div><div class="battle-history"><small>The opposing Cloyster was hurt by poison!</small><br></div><div class="spacer battle-history"><br></div><div class="battle-history">Snorlax is fast asleep.<br></div><div class="spacer battle-history"><br></div><div class="battle-history"><small>The opposing Cloyster restored a little HP using its Leftovers!</small><br></div><div class="battle-history"><small>Snorlax restored a little HP using its Leftovers!</small><br></div><div class="spacer battle-history"><br></div><h2 class="battle-history">Turn 54</h2><div class="spacer battle-history"><br></div><div class="battle-history">Snorlax, come back!<br></div><div class="battle-history">Go! <strong>Steelix</strong>!<br></div><div class="battle-history"><small>Steelix was hurt by the spikes!</small><br></div><div class="spacer battle-history"><br></div><div class="battle-history">The opposing Cloyster used <strong>Explosion</strong>!<br></div><div class="battle-history"><small>It's not very effective...</small><br></div><div class="battle-history"><small>(Steelix lost 29% of its health!)</small><br></div><div class="spacer battle-history"><br></div><div class="battle-history">The opposing Cloyster fainted!<br></div><div class="spacer battle-history"><br></div><div class="battle-history">FriendOfMrGolem120 sent out <strong>Exeggutor</strong>!<br></div><div class="battle-history"><small>The opposing Exeggutor was hurt by the spikes!</small><br></div><div class="spacer battle-history"><br></div><div class="battle-history"><small>The opposing Exeggutor restored a little HP using its Leftovers!</small><br></div><div class="battle-history"><small>Steelix restored a little HP using its Leftovers!</small><br></div><div class="spacer battle-history"><br></div><h2 class="battle-history">Turn 55</h2><div class="chat chatmessage-thepirate99"><strong style="color:#947637"><small>☆</small><span class="username" data-name="the pirate99">the pirate99</span>:</strong> <em>gg</em></div><div class="chat chatmessage-friendofmrgolem120"><strong style="color:#b09419"><small>☆</small><span class="username" data-name="FriendOfMrGolem120">FriendOfMrGolem120</span>:</strong> <em>gg</em></div><div class="spacer battle-history"><br></div><div class="battle-history"><small>the pirate99 forfeited.</small><br></div><div class="spacer battle-history"><br></div><div class="battle-history"><strong>FriendOfMrGolem120</strong> won the battle!<br></div></div><div class="inner-preempt"></div></div></div>
</div>
<script>
let daily = Math.floor(Date.now()/1000/60/60/24);document.write('<script src="https://play.pokemonshowdown.com/js/replay-embed.js?version'+daily+'"></'+'script>');
</script>
