<!DOCTYPE html>
<meta charset="utf-8" />
<!-- version 1 -->
<title>[Gen 2] OU replay: Jimmy Turtwig vs. MARCOP9923</title>
<style>
html,body {font-family:Verdana, sans-serif;font-size:10pt;margin:0;padding:0;}body{padding:12px 0;} .battle-log {font-family:Verdana, sans-serif;font-size:10pt;} .battle-log-inline {border:1px solid #AAAAAA;background:#EEF2F5;color:black;max-width:640px;margin:0 auto 80px;padding-bottom:5px;} .battle-log .inner {padding:4px 8px 0px 8px;} .battle-log .inner-preempt {padding:0 8px 4px 8px;} .battle-log .inner-after {margin-top:0.5em;} .battle-log h2 {margin:0.5em -8px;padding:4px 8px;border:1px solid #AAAAAA;background:#E0E7EA;border-left:0;border-right:0;font-family:Verdana, sans-serif;font-size:13pt;} .battle-log .chat {vertical-align:middle;padding:3px 0 3px 0;font-size:8pt;} .battle-log .chat strong {color:#40576A;} .battle-log .chat em {padding:1px 4px 1px 3px;color:#000000;font-style:normal;} .chat.mine {background:rgba(0,0,0,0.05);margin-left:-8px;margin-right:-8px;padding-left:8px;padding-right:8px;} .spoiler {color:#BBBBBB;background:#BBBBBB;padding:0px 3px;} .spoiler:hover, .spoiler:active, .spoiler-shown {color:#000000;background:#E2E2E2;padding:0px 3px;} .spoiler a {color:#BBBBBB;} .spoiler:hover a, .spoiler:active a, .spoiler-shown a {color:#2288CC;} .chat code, .chat .spoiler:hover code, .chat .spoiler:active code, .chat .spoiler-shown code {border:1px solid #C0C0C0;background:#EEEEEE;color:black;padding:0 2px;} .chat .spoiler code {border:1px solid #CCCCCC;background:#CCCCCC;color:#CCCCCC;} .battle-log .rated {padding:3px 4px;} .battle-log .rated strong {color:white;background:#89A;padding:1px 4px;border-radius:4px;} .spacer {margin-top:0.5em;} .message-announce {background:#6688AA;color:white;padding:1px 4px 2px;} .message-announce a, .broadcast-green a, .broadcast-blue a, .broadcast-red a {color:#DDEEFF;} .broadcast-green {background-color:#559955;color:white;padding:2px 4px;} .broadcast-blue {background-color:#6688AA;color:white;padding:2px 4px;} .infobox {border:1px solid #6688AA;padding:2px 4px;} .infobox-limited {max-height:200px;overflow:auto;overflow-x:hidden;} .broadcast-red {background-color:#AA5544;color:white;padding:2px 4px;} .message-learn-canlearn {font-weight:bold;color:#228822;text-decoration:underline;} .message-learn-cannotlearn {font-weight:bold;color:#CC2222;text-decoration:underline;} .message-effect-weak {font-weight:bold;color:#CC2222;} .message-effect-resist {font-weight:bold;color:#6688AA;} .message-effect-immune {font-weight:bold;color:#666666;} .message-learn-list {margin-top:0;margin-bottom:0;} .message-throttle-notice, .message-error {color:#992222;} .message-overflow, .chat small.message-overflow {font-size:0pt;} .message-overflow::before {font-size:9pt;content:'...';} .subtle {color:#3A4A66;}
</style>
<div class="wrapper replay-wrapper" style="max-width:1180px;margin:0 auto">
<input type="hidden" name="replayid" value="smogtours-gen2ou-345325" />
<div class="battle"></div><div class="battle-log"></div><div class="replay-controls"></div><div class="replay-controls-2"></div>
<h1 style="font-weight:normal;text-align:center"><strong>[Gen 2] OU</strong><br /><a href="http://pokemonshowdown.com/users/jimmyturtwig" class="subtle" target="_blank">Jimmy Turtwig</a> vs. <a href="http://pokemonshowdown.com/users/marcop9923" class="subtle" target="_blank">MARCOP9923</a></h1>
<script type="text/plain" class="battle-log-data">|inactive|Battle timer is ON: inactive players will automatically lose when time's up.
|player|p1|Jimmy Turtwig|1
|teamsize|p1|6
|player|p2|MARCOP9923|167
|teamsize|p2|6
|gametype|singles
|gen|2
|tier|[Gen 2] OU
|rule|Sleep Clause Mod: Limit one foe put to sleep
|rule|Species Clause: Limit one of each Pokémon
|rule|OHKO Clause: OHKO moves are banned
|rule|Evasion Moves Clause: Evasion moves are banned
|rule|HP Percentage Mod: HP is shown in percentages
|
|start
|switch|p1a: Raikou|Raikou|100\/100
|switch|p2a: Bobybag Bongrine|Zapdos|100\/100
|turn|1
|c|☆MARCOP9923|hf
|c|☆Jimmy Turtwig|u2
|c|&Tony|oh
|raw|<div class="broadcast-red"><strong>Moderated chat was set to @!<\/strong><br \/>Only users of rank @ and higher can talk.<\/div>
|
|move|p1a: Raikou|Thunder|p2a: Bobybag Bongrine
|-damage|p2a: Bobybag Bongrine|59\/100
|move|p2a: Bobybag Bongrine|Thunder|p1a: Raikou|[miss]
|-miss|p2a: Bobybag Bongrine
|
|-heal|p2a: Bobybag Bongrine|65\/100|[from] item: Leftovers
|upkeep
|turn|2
|inactive|Jimmy Turtwig has 285 seconds left.
|
|switch|p2a: Rich Home Ca$ed|Snorlax, M|100\/100
|move|p1a: Raikou|Hidden Power|p2a: Rich Home Ca$ed
|-damage|p2a: Rich Home Ca$ed|90\/100
|
|-heal|p2a: Rich Home Ca$ed|96\/100|[from] item: Leftovers
|upkeep
|turn|3
|
|switch|p1a: Skarmory|Skarmory, M|100\/100
|move|p2a: Rich Home Ca$ed|Double-Edge|p1a: Skarmory
|-resisted|p1a: Skarmory
|-damage|p1a: Skarmory|84\/100
|-damage|p2a: Rich Home Ca$ed|93\/100|[from] Recoil|[of] p1a: Skarmory
|
|-heal|p1a: Skarmory|90\/100|[from] item: Leftovers
|-heal|p2a: Rich Home Ca$ed|99\/100|[from] item: Leftovers
|upkeep
|turn|4
|
|switch|p2a: cased|Cloyster, M|100\/100
|move|p1a: Skarmory|Whirlwind|p2a: cased
|drag|p2a: Casedvictory|Golem, M|100\/100
|
|-heal|p1a: Skarmory|96\/100|[from] item: Leftovers
|upkeep
|turn|5
|
|switch|p1a: Cloyster|Cloyster, M|100\/100
|switch|p2a: cased|Cloyster, M|100\/100
|
|upkeep
|turn|6
|
|move|p2a: cased|Toxic|p1a: Cloyster
|-status|p1a: Cloyster|tox
|move|p1a: Cloyster|Toxic|p2a: cased
|-status|p2a: cased|tox
|-damage|p1a: Cloyster|95\/100 tox|[from] tox|[of] p2a: cased
|
|-heal|p1a: Cloyster|100\/100 tox|[from] item: Leftovers
|upkeep
|turn|7
|
|move|p2a: cased|Spikes|p1a: Cloyster
|-sidestart|p1: Jimmy Turtwig|Spikes
|-damage|p2a: cased|95\/100 tox|[from] tox|[of] p1a: Cloyster
|move|p1a: Cloyster|Spikes|p2a: cased
|-sidestart|p2: MARCOP9923|Spikes
|-damage|p1a: Cloyster|89\/100 tox|[from] tox|[of] p2a: cased
|
|-heal|p1a: Cloyster|95\/100 tox|[from] item: Leftovers
|-heal|p2a: cased|100\/100 tox|[from] item: Leftovers
|upkeep
|turn|8
|inactive|Jimmy Turtwig has 285 seconds left.
|
|switch|p2a: VER$ACE PYTHON|Gengar, M|100\/100
|-damage|p2a: VER$ACE PYTHON|88\/100|[from] Spikes
|switch|p1a: Raikou|Raikou|100\/100
|-damage|p1a: Raikou|88\/100|[from] Spikes
|
|-heal|p1a: Raikou|94\/100|[from] item: Leftovers
|-heal|p2a: VER$ACE PYTHON|94\/100|[from] item: Leftovers
|upkeep
|turn|9
|
|switch|p2a: Rich Home Ca$ed|Snorlax, M|99\/100
|-damage|p2a: Rich Home Ca$ed|87\/100|[from] Spikes
|move|p1a: Raikou|Roar|p2a: Rich Home Ca$ed
|drag|p2a: Dice|Jynx, F|100\/100
|-damage|p2a: Dice|88\/100|[from] Spikes
|
|-heal|p1a: Raikou|99\/100|[from] item: Leftovers
|-heal|p2a: Dice|94\/100|[from] item: Leftovers
|upkeep
|turn|10
|inactive|Jimmy Turtwig has 285 seconds left.
|inactive|Jimmy Turtwig has 270 seconds left.
|inactive|MARCOP9923 has 285 seconds left.
|inactive|Jimmy Turtwig has 255 seconds left.
|
|switch|p2a: Rich Home Ca$ed|Snorlax, M|87\/100
|-damage|p2a: Rich Home Ca$ed|74\/100|[from] Spikes
|move|p1a: Raikou|Thunder|p2a: Rich Home Ca$ed
|-damage|p2a: Rich Home Ca$ed|44\/100
|
|-heal|p1a: Raikou|100\/100|[from] item: Leftovers
|-heal|p2a: Rich Home Ca$ed|50\/100|[from] item: Leftovers
|upkeep
|turn|11
|inactive|Jimmy Turtwig has 270 seconds left.
|
|move|p2a: Rich Home Ca$ed|Rest|p2a: Rich Home Ca$ed
|-status|p2a: Rich Home Ca$ed|slp
|-heal|p2a: Rich Home Ca$ed|100\/100 slp|[silent]
|-status|p2a: Rich Home Ca$ed|slp|[from] move: Rest
|move|p1a: Raikou|Roar|p2a: Rich Home Ca$ed
|drag|p2a: Dice|Jynx, F|94\/100
|-damage|p2a: Dice|82\/100|[from] Spikes
|
|-heal|p2a: Dice|88\/100|[from] item: Leftovers
|upkeep
|turn|12
|inactive|Jimmy Turtwig has 270 seconds left.
|inactive|MARCOP9923 has 285 seconds left.
|inactive|Jimmy Turtwig has 255 seconds left.
|
|switch|p1a: Heracross|Heracross, M|100\/100
|-damage|p1a: Heracross|88\/100|[from] Spikes
|switch|p2a: Rich Home Ca$ed|Snorlax, M|100\/100 slp
|-damage|p2a: Rich Home Ca$ed|88\/100 slp|[from] Spikes
|
|-heal|p1a: Heracross|94\/100|[from] item: Leftovers
|-heal|p2a: Rich Home Ca$ed|94\/100 slp|[from] item: Leftovers
|upkeep
|turn|13
|inactive|Jimmy Turtwig has 255 seconds left.
|
|switch|p1a: Raikou|Raikou|100\/100
|-damage|p1a: Raikou|88\/100|[from] Spikes
|switch|p2a: Casedvictory|Golem, M|100\/100
|-damage|p2a: Casedvictory|88\/100|[from] Spikes
|
|-heal|p1a: Raikou|94\/100|[from] item: Leftovers
|-heal|p2a: Casedvictory|94\/100|[from] item: Leftovers
|upkeep
|turn|14
|inactive|Jimmy Turtwig has 240 seconds left.
|inactive|Jimmy Turtwig has 225 seconds left.
|c|☆MARCOP9923|yo tony can u be wary if I DC
|c|☆MARCOP9923|my comp
|inactive|Jimmy Turtwig has 210 seconds left.
|c|☆MARCOP9923|is kinda fucked
|c|&Tony|yes sir
|c|☆MARCOP9923|thank you
|
|switch|p1a: Cloyster|Cloyster, M|95\/100 tox
|-status|p1a: Cloyster|psn
|-damage|p1a: Cloyster|82\/100 psn|[from] Spikes
|-damage|p1a: Cloyster|70\/100 psn|[from] psn
|move|p2a: Casedvictory|Rapid Spin|p1a: Cloyster
|-damage|p1a: Cloyster|67\/100 psn
|-sideend|p2: MARCOP9923|Spikes|[from] move: Rapid Spin|[of] p2a: Casedvictory
|
|-heal|p1a: Cloyster|72\/100 psn|[from] item: Leftovers
|-heal|p2a: Casedvictory|99\/100|[from] item: Leftovers
|upkeep
|turn|15
|
|switch|p2a: Bobybag Bongrine|Zapdos|65\/100
|move|p1a: Cloyster|Spikes|p2a: Bobybag Bongrine
|-sidestart|p2: MARCOP9923|Spikes
|-damage|p1a: Cloyster|60\/100 psn|[from] psn|[of] p2a: Bobybag Bongrine
|
|-heal|p2a: Bobybag Bongrine|71\/100|[from] item: Leftovers
|-heal|p1a: Cloyster|66\/100 psn|[from] item: Leftovers
|upkeep
|turn|16
|inactive|Jimmy Turtwig has 210 seconds left.
|inactive|Jimmy Turtwig has 195 seconds left.
|inactive|MARCOP9923 has 285 seconds left.
|
|switch|p2a: Casedvictory|Golem, M|99\/100
|-damage|p2a: Casedvictory|88\/100|[from] Spikes
|switch|p1a: Tyranitar|Tyranitar, M|100\/100
|-damage|p1a: Tyranitar|88\/100|[from] Spikes
|
|-heal|p1a: Tyranitar|94\/100|[from] item: Leftovers
|-heal|p2a: Casedvictory|94\/100|[from] item: Leftovers
|upkeep
|turn|17
|inactive|Jimmy Turtwig has 180 seconds left.
|
|move|p1a: Tyranitar|Surf|p2a: Casedvictory
|-supereffective|p2a: Casedvictory
|-damage|p2a: Casedvictory|0 fnt
|faint|p2a: Casedvictory
|
|switch|p2a: cased|Cloyster, M|100\/100 tox
|-status|p2a: cased|psn
|-damage|p2a: cased|88\/100 psn|[from] Spikes
|
|-heal|p2a: cased|94\/100 psn|[from] item: Leftovers
|-heal|p1a: Tyranitar|100\/100|[from] item: Leftovers
|upkeep
|turn|18
|inactive|Jimmy Turtwig has 195 seconds left.
|inactive|Jimmy Turtwig has 180 seconds left.
|c|☆MARCOP9923|nice play
|c|☆Jimmy Turtwig|ty
|inactive|Jimmy Turtwig has 165 seconds left.
|
|switch|p1a: Raikou|Raikou|94\/100
|-damage|p1a: Raikou|82\/100|[from] Spikes
|move|p2a: cased|Surf|p1a: Raikou
|-damage|p1a: Raikou|55\/100
|-damage|p2a: cased|82\/100 psn|[from] psn|[of] p1a: Raikou
|
|-heal|p1a: Raikou|61\/100|[from] item: Leftovers
|-heal|p2a: cased|88\/100 psn|[from] item: Leftovers
|upkeep
|turn|19
|
|switch|p2a: Rich Home Ca$ed|Snorlax, M|94\/100 slp
|-damage|p2a: Rich Home Ca$ed|82\/100 slp|[from] Spikes
|move|p1a: Raikou|Thunder|p2a: Rich Home Ca$ed
|-damage|p2a: Rich Home Ca$ed|54\/100 slp
|
|-heal|p1a: Raikou|67\/100|[from] item: Leftovers
|-heal|p2a: Rich Home Ca$ed|60\/100 slp|[from] item: Leftovers
|upkeep
|turn|20
|
|cant|p2a: Rich Home Ca$ed|slp
|move|p1a: Raikou|Roar|p2a: Rich Home Ca$ed
|drag|p2a: Bobybag Bongrine|Zapdos|71\/100
|
|-heal|p1a: Raikou|73\/100|[from] item: Leftovers
|-heal|p2a: Bobybag Bongrine|77\/100|[from] item: Leftovers
|upkeep
|turn|21
|inactive|Jimmy Turtwig has 180 seconds left.
|
|move|p1a: Raikou|Hidden Power|p2a: Bobybag Bongrine
|-supereffective|p2a: Bobybag Bongrine
|-damage|p2a: Bobybag Bongrine|40\/100
|move|p2a: Bobybag Bongrine|Thunder|p1a: Raikou|[miss]
|-miss|p2a: Bobybag Bongrine
|
|-heal|p1a: Raikou|79\/100|[from] item: Leftovers
|-heal|p2a: Bobybag Bongrine|46\/100|[from] item: Leftovers
|upkeep
|turn|22
|inactive|Jimmy Turtwig has 180 seconds left.
|
|move|p2a: Bobybag Bongrine|Rest|p2a: Bobybag Bongrine
|-status|p2a: Bobybag Bongrine|slp
|-heal|p2a: Bobybag Bongrine|100\/100 slp|[silent]
|-status|p2a: Bobybag Bongrine|slp|[from] move: Rest
|move|p1a: Raikou|Roar|p2a: Bobybag Bongrine
|drag|p2a: cased|Cloyster, M|88\/100 psn
|-damage|p2a: cased|76\/100 psn|[from] Spikes
|
|-heal|p1a: Raikou|85\/100|[from] item: Leftovers
|-heal|p2a: cased|82\/100 psn|[from] item: Leftovers
|upkeep
|turn|23
|
|switch|p2a: Bobybag Bongrine|Zapdos|100\/100 slp
|move|p1a: Raikou|Thunder|p2a: Bobybag Bongrine
|-damage|p2a: Bobybag Bongrine|54\/100 slp
|
|-heal|p1a: Raikou|91\/100|[from] item: Leftovers
|-heal|p2a: Bobybag Bongrine|60\/100 slp|[from] item: Leftovers
|upkeep
|turn|24
|
|move|p1a: Raikou|Hidden Power|p2a: Bobybag Bongrine
|-supereffective|p2a: Bobybag Bongrine
|-damage|p2a: Bobybag Bongrine|25\/100 slp
|cant|p2a: Bobybag Bongrine|slp
|move|p2a: Bobybag Bongrine|Sleep Talk|p2a: Bobybag Bongrine
|move|p2a: Bobybag Bongrine|Hidden Power|p1a: Raikou|[from]Sleep Talk
|-damage|p1a: Raikou|75\/100
|
|-heal|p1a: Raikou|81\/100|[from] item: Leftovers
|-heal|p2a: Bobybag Bongrine|31\/100 slp|[from] item: Leftovers
|upkeep
|turn|25
|inactive|Jimmy Turtwig has 180 seconds left.
|inactive|MARCOP9923 has 285 seconds left.
|
|switch|p2a: Dice|Jynx, F|88\/100
|-damage|p2a: Dice|76\/100|[from] Spikes
|move|p1a: Raikou|Thunder|p2a: Dice
|-damage|p2a: Dice|26\/100
|
|-heal|p1a: Raikou|87\/100|[from] item: Leftovers
|-heal|p2a: Dice|32\/100|[from] item: Leftovers
|upkeep
|turn|26
|inactive|Jimmy Turtwig has 180 seconds left.
|
|move|p1a: Raikou|Thunder|p2a: Dice
|-damage|p2a: Dice|0 fnt
|faint|p2a: Dice
|inactive|MARCOP9923 has 285 seconds left.
|
|switch|p2a: Rich Home Ca$ed|Snorlax, M|60\/100 slp
|-damage|p2a: Rich Home Ca$ed|48\/100 slp|[from] Spikes
|
|-heal|p1a: Raikou|93\/100|[from] item: Leftovers
|-heal|p2a: Rich Home Ca$ed|54\/100 slp|[from] item: Leftovers
|upkeep
|turn|27
|
|cant|p2a: Rich Home Ca$ed|slp
|move|p1a: Raikou|Roar|p2a: Rich Home Ca$ed
|drag|p2a: cased|Cloyster, M|82\/100 psn
|-damage|p2a: cased|69\/100 psn|[from] Spikes
|
|-heal|p1a: Raikou|99\/100|[from] item: Leftovers
|-heal|p2a: cased|75\/100 psn|[from] item: Leftovers
|upkeep
|turn|28
|
|switch|p1a: Tyranitar|Tyranitar, M|100\/100
|-damage|p1a: Tyranitar|88\/100|[from] Spikes
|switch|p2a: Bobybag Bongrine|Zapdos|31\/100 slp
|
|-heal|p2a: Bobybag Bongrine|37\/100 slp|[from] item: Leftovers
|-heal|p1a: Tyranitar|94\/100|[from] item: Leftovers
|upkeep
|turn|29
|
|switch|p2a: cased|Cloyster, M|75\/100 psn
|-damage|p2a: cased|63\/100 psn|[from] Spikes
|-damage|p2a: cased|51\/100 psn|[from] psn
|move|p1a: Tyranitar|Rock Slide|p2a: cased|[miss]
|-miss|p1a: Tyranitar
|
|-heal|p2a: cased|57\/100 psn|[from] item: Leftovers
|-heal|p1a: Tyranitar|100\/100|[from] item: Leftovers
|upkeep
|turn|30
|inactive|Jimmy Turtwig has 195 seconds left.
|
|move|p2a: cased|Explosion|p1a: Tyranitar
|-resisted|p1a: Tyranitar
|-damage|p1a: Tyranitar|57\/100
|faint|p2a: cased
|
|switch|p2a: VER$ACE PYTHON|Gengar, M|94\/100
|-damage|p2a: VER$ACE PYTHON|82\/100|[from] Spikes
|
|-heal|p2a: VER$ACE PYTHON|88\/100|[from] item: Leftovers
|-heal|p1a: Tyranitar|64\/100|[from] item: Leftovers
|upkeep
|turn|31
|inactive|Jimmy Turtwig has 210 seconds left.
|
|switch|p1a: Raikou|Raikou|99\/100
|-damage|p1a: Raikou|87\/100|[from] Spikes
|move|p2a: VER$ACE PYTHON|Dynamic Punch|p1a: Raikou|[miss]
|-miss|p2a: VER$ACE PYTHON
|
|-heal|p1a: Raikou|93\/100|[from] item: Leftovers
|-heal|p2a: VER$ACE PYTHON|94\/100|[from] item: Leftovers
|upkeep
|turn|32
|
|switch|p2a: Bobybag Bongrine|Zapdos|37\/100 slp
|move|p1a: Raikou|Thunder|p2a: Bobybag Bongrine
|-crit|p2a: Bobybag Bongrine
|-damage|p2a: Bobybag Bongrine|0 fnt
|faint|p2a: Bobybag Bongrine
|
|switch|p2a: Rich Home Ca$ed|Snorlax, M|54\/100 slp
|-damage|p2a: Rich Home Ca$ed|41\/100 slp|[from] Spikes
|
|-heal|p1a: Raikou|99\/100|[from] item: Leftovers
|-heal|p2a: Rich Home Ca$ed|47\/100 slp|[from] item: Leftovers
|upkeep
|turn|33
|inactive|Jimmy Turtwig has 210 seconds left.
|
|-curestatus|p2a: Rich Home Ca$ed|slp|[msg]
|move|p2a: Rich Home Ca$ed|Rest|p2a: Rich Home Ca$ed
|-status|p2a: Rich Home Ca$ed|slp
|-heal|p2a: Rich Home Ca$ed|100\/100 slp|[silent]
|-status|p2a: Rich Home Ca$ed|slp|[from] move: Rest
|move|p1a: Raikou|Roar|p2a: Rich Home Ca$ed
|drag|p2a: VER$ACE PYTHON|Gengar, M|94\/100
|-damage|p2a: VER$ACE PYTHON|82\/100|[from] Spikes
|
|-heal|p1a: Raikou|100\/100|[from] item: Leftovers
|-heal|p2a: VER$ACE PYTHON|88\/100|[from] item: Leftovers
|upkeep
|turn|34
|
|switch|p2a: Rich Home Ca$ed|Snorlax, M|100\/100 slp
|-damage|p2a: Rich Home Ca$ed|88\/100 slp|[from] Spikes
|move|p1a: Raikou|Roar|p2a: Rich Home Ca$ed
|drag|p2a: VER$ACE PYTHON|Gengar, M|88\/100
|-damage|p2a: VER$ACE PYTHON|76\/100|[from] Spikes
|
|-heal|p2a: VER$ACE PYTHON|82\/100|[from] item: Leftovers
|upkeep
|turn|35
|
|switch|p2a: Rich Home Ca$ed|Snorlax, M|88\/100 slp
|-damage|p2a: Rich Home Ca$ed|76\/100 slp|[from] Spikes
|move|p1a: Raikou|Thunder|p2a: Rich Home Ca$ed
|-crit|p2a: Rich Home Ca$ed
|-damage|p2a: Rich Home Ca$ed|20\/100 slp
|
|-heal|p2a: Rich Home Ca$ed|26\/100 slp|[from] item: Leftovers
|upkeep
|turn|36
|inactive|Jimmy Turtwig has 225 seconds left.
|c|☆MARCOP9923|holy shi
|c|☆MARCOP9923|t
|c|☆MARCOP9923|u hit
|c|☆MARCOP9923|every one
|c|☆Jimmy Turtwig|yeah this raikou
|c|☆MARCOP9923|gg 
|c|☆Jimmy Turtwig|is incredible
|inactive|MARCOP9923 has 285 seconds left.
|c|☆Jimmy Turtwig|gg
|c|☆MARCOP9923|im not
|c|☆MARCOP9923|just
|c|☆MARCOP9923|mad 
|inactive|MARCOP9923 has 270 seconds left.
|inactive|Jimmy Turtwig has 210 seconds left.
|
|move|p1a: Raikou|Thunder|p2a: Rich Home Ca$ed|[miss]
|-miss|p1a: Raikou
|cant|p2a: Rich Home Ca$ed|slp
|
|-heal|p2a: Rich Home Ca$ed|32\/100 slp|[from] item: Leftovers
|upkeep
|turn|37
|
|cant|p2a: Rich Home Ca$ed|slp
|move|p1a: Raikou|Roar|p2a: Rich Home Ca$ed
|drag|p2a: VER$ACE PYTHON|Gengar, M|82\/100
|-damage|p2a: VER$ACE PYTHON|70\/100|[from] Spikes
|
|-heal|p2a: VER$ACE PYTHON|76\/100|[from] item: Leftovers
|upkeep
|turn|38
|inactive|Jimmy Turtwig has 225 seconds left.
|
|move|p1a: Raikou|Thunder|p2a: VER$ACE PYTHON|[miss]
|-miss|p1a: Raikou
|move|p2a: VER$ACE PYTHON|Dynamic Punch|p1a: Raikou|[miss]
|-miss|p2a: VER$ACE PYTHON
|
|-heal|p2a: VER$ACE PYTHON|82\/100|[from] item: Leftovers
|upkeep
|turn|39
|
|move|p1a: Raikou|Thunder|p2a: VER$ACE PYTHON
|-damage|p2a: VER$ACE PYTHON|19\/100
|move|p2a: VER$ACE PYTHON|Dynamic Punch|p1a: Raikou
|-damage|p1a: Raikou|80\/100
|-start|p1a: Raikou|confusion
|
|-heal|p1a: Raikou|86\/100|[from] item: Leftovers
|-heal|p2a: VER$ACE PYTHON|26\/100|[from] item: Leftovers
|upkeep
|turn|40
|inactive|Jimmy Turtwig has 225 seconds left.
|
|-activate|p1a: Raikou|confusion
|-damage|p1a: Raikou|76\/100|[from] confusion
|move|p2a: VER$ACE PYTHON|Dynamic Punch|p1a: Raikou
|-damage|p1a: Raikou|56\/100
|
|-heal|p1a: Raikou|62\/100|[from] item: Leftovers
|-heal|p2a: VER$ACE PYTHON|32\/100|[from] item: Leftovers
|upkeep
|turn|41
|inactive|Jimmy Turtwig has 225 seconds left.
|
|-activate|p1a: Raikou|confusion
|move|p1a: Raikou|Hidden Power|p2a: VER$ACE PYTHON
|-damage|p2a: VER$ACE PYTHON|10\/100
|move|p2a: VER$ACE PYTHON|Dynamic Punch|p1a: Raikou
|-damage|p1a: Raikou|42\/100
|
|-heal|p1a: Raikou|48\/100|[from] item: Leftovers
|-heal|p2a: VER$ACE PYTHON|17\/100|[from] item: Leftovers
|upkeep
|turn|42
|inactive|Jimmy Turtwig has 225 seconds left.
|
|switch|p2a: Rich Home Ca$ed|Snorlax, M|32\/100 slp
|-damage|p2a: Rich Home Ca$ed|20\/100 slp|[from] Spikes
|-activate|p1a: Raikou|confusion
|move|p1a: Raikou|Hidden Power|p2a: Rich Home Ca$ed
|-damage|p2a: Rich Home Ca$ed|9\/100 slp
|
|-heal|p1a: Raikou|54\/100|[from] item: Leftovers
|-heal|p2a: Rich Home Ca$ed|15\/100 slp|[from] item: Leftovers
|upkeep
|turn|43
|inactive|Jimmy Turtwig has 225 seconds left.
|
|-activate|p1a: Raikou|confusion
|-damage|p1a: Raikou|44\/100|[from] confusion
|-curestatus|p2a: Rich Home Ca$ed|slp|[msg]
|move|p2a: Rich Home Ca$ed|Rest|p2a: Rich Home Ca$ed
|-status|p2a: Rich Home Ca$ed|slp
|-heal|p2a: Rich Home Ca$ed|100\/100 slp|[silent]
|-status|p2a: Rich Home Ca$ed|slp|[from] move: Rest
|
|-heal|p1a: Raikou|50\/100|[from] item: Leftovers
|upkeep
|turn|44
|inactive|Jimmy Turtwig has 225 seconds left.
|
|cant|p2a: Rich Home Ca$ed|slp
|-end|p1a: Raikou|confusion
|move|p1a: Raikou|Roar|p2a: Rich Home Ca$ed
|drag|p2a: VER$ACE PYTHON|Gengar, M|17\/100
|-damage|p2a: VER$ACE PYTHON|4\/100|[from] Spikes
|
|-heal|p1a: Raikou|56\/100|[from] item: Leftovers
|-heal|p2a: VER$ACE PYTHON|10\/100|[from] item: Leftovers
|upkeep
|turn|45
|
|switch|p2a: Rich Home Ca$ed|Snorlax, M|100\/100 slp
|-damage|p2a: Rich Home Ca$ed|88\/100 slp|[from] Spikes
|move|p1a: Raikou|Hidden Power|p2a: Rich Home Ca$ed
|-damage|p2a: Rich Home Ca$ed|78\/100 slp
|
|-heal|p1a: Raikou|62\/100|[from] item: Leftovers
|-heal|p2a: Rich Home Ca$ed|84\/100 slp|[from] item: Leftovers
|upkeep
|turn|46
|c|☆MARCOP9923|wp
|c|☆MARCOP9923|nic 
|c|☆MARCOP9923|e
|c|☆MARCOP9923|tar set
|inactive|Jimmy Turtwig has 225 seconds left.
|
|cant|p2a: Rich Home Ca$ed|slp
|move|p1a: Raikou|Roar|p2a: Rich Home Ca$ed
|drag|p2a: VER$ACE PYTHON|Gengar, M|10\/100
|-damage|p2a: VER$ACE PYTHON|0 fnt|[from] Spikes
|faint|p2a: VER$ACE PYTHON
|
|switch|p2a: Rich Home Ca$ed|Snorlax, M|84\/100 slp
|-damage|p2a: Rich Home Ca$ed|71\/100 slp|[from] Spikes
|
|-heal|p1a: Raikou|68\/100|[from] item: Leftovers
|-heal|p2a: Rich Home Ca$ed|78\/100 slp|[from] item: Leftovers
|upkeep
|turn|47
|inactive|Jimmy Turtwig has 240 seconds left.
|
|switch|p1a: Skarmory|Skarmory, M|96\/100
|-curestatus|p2a: Rich Home Ca$ed|slp|[msg]
|move|p2a: Rich Home Ca$ed|Curse|p2a: Rich Home Ca$ed
|-unboost|p2a: Rich Home Ca$ed|spe|1
|-boost|p2a: Rich Home Ca$ed|atk|1
|-boost|p2a: Rich Home Ca$ed|def|1
|
|-heal|p1a: Skarmory|100\/100|[from] item: Leftovers
|-heal|p2a: Rich Home Ca$ed|84\/100|[from] item: Leftovers
|upkeep
|turn|48
|
|move|p1a: Skarmory|Curse|p1a: Skarmory
|-unboost|p1a: Skarmory|spe|1
|-boost|p1a: Skarmory|atk|1
|-boost|p1a: Skarmory|def|1
|move|p2a: Rich Home Ca$ed|Curse|p2a: Rich Home Ca$ed
|-unboost|p2a: Rich Home Ca$ed|spe|1
|-boost|p2a: Rich Home Ca$ed|atk|1
|-boost|p2a: Rich Home Ca$ed|def|1
|
|-heal|p2a: Rich Home Ca$ed|90\/100|[from] item: Leftovers
|upkeep
|turn|49
|
|move|p1a: Skarmory|Curse|p1a: Skarmory
|-unboost|p1a: Skarmory|spe|1
|-boost|p1a: Skarmory|atk|1
|-boost|p1a: Skarmory|def|1
|move|p2a: Rich Home Ca$ed|Curse|p2a: Rich Home Ca$ed
|-unboost|p2a: Rich Home Ca$ed|spe|1
|-boost|p2a: Rich Home Ca$ed|atk|1
|-boost|p2a: Rich Home Ca$ed|def|1
|
|-heal|p2a: Rich Home Ca$ed|96\/100|[from] item: Leftovers
|upkeep
|turn|50
|
|move|p1a: Skarmory|Curse|p1a: Skarmory
|-unboost|p1a: Skarmory|spe|1
|-boost|p1a: Skarmory|atk|1
|-boost|p1a: Skarmory|def|1
|move|p2a: Rich Home Ca$ed|Curse|p2a: Rich Home Ca$ed
|-unboost|p2a: Rich Home Ca$ed|spe|1
|-boost|p2a: Rich Home Ca$ed|atk|1
|-boost|p2a: Rich Home Ca$ed|def|1
|
|-heal|p2a: Rich Home Ca$ed|100\/100|[from] item: Leftovers
|upkeep
|turn|51
|
|move|p1a: Skarmory|Curse|p1a: Skarmory
|-unboost|p1a: Skarmory|spe|1
|-boost|p1a: Skarmory|atk|1
|-boost|p1a: Skarmory|def|1
|move|p2a: Rich Home Ca$ed|Curse|p2a: Rich Home Ca$ed
|-unboost|p2a: Rich Home Ca$ed|spe|1
|-boost|p2a: Rich Home Ca$ed|atk|1
|-boost|p2a: Rich Home Ca$ed|def|1
|
|upkeep
|turn|52
|
|move|p1a: Skarmory|Curse|p1a: Skarmory
|-unboost|p1a: Skarmory|spe|1
|-boost|p1a: Skarmory|atk|1
|-boost|p1a: Skarmory|def|1
|move|p2a: Rich Home Ca$ed|Fire Blast|p1a: Skarmory
|-supereffective|p1a: Skarmory
|-damage|p1a: Skarmory|45\/100
|
|-heal|p1a: Skarmory|51\/100|[from] item: Leftovers
|upkeep
|turn|53
|c|☆Jimmy Turtwig|oh this again
|inactive|Jimmy Turtwig has 285 seconds left.
|
|move|p1a: Skarmory|Rest|p1a: Skarmory
|-status|p1a: Skarmory|slp
|-heal|p1a: Skarmory|100\/100 slp|[silent]
|-status|p1a: Skarmory|slp|[from] move: Rest
|move|p2a: Rich Home Ca$ed|Curse|p2a: Rich Home Ca$ed
|-unboost|p2a: Rich Home Ca$ed|spe|1
|-boost|p2a: Rich Home Ca$ed|atk|1
|-boost|p2a: Rich Home Ca$ed|def|1
|
|upkeep
|turn|54
|
|cant|p1a: Skarmory|slp
|move|p2a: Rich Home Ca$ed|Fire Blast|p1a: Skarmory|[miss]
|-miss|p2a: Rich Home Ca$ed
|
|upkeep
|turn|55
|
|cant|p1a: Skarmory|slp
|move|p2a: Rich Home Ca$ed|Fire Blast|p1a: Skarmory
|-supereffective|p1a: Skarmory
|-damage|p1a: Skarmory|46\/100 slp
|
|-heal|p1a: Skarmory|52\/100 slp|[from] item: Leftovers
|upkeep
|turn|56
|
|-curestatus|p1a: Skarmory|slp|[msg]
|move|p1a: Skarmory|Drill Peck|p2a: Rich Home Ca$ed
|-damage|p2a: Rich Home Ca$ed|82\/100
|move|p2a: Rich Home Ca$ed|Fire Blast|p1a: Skarmory
|-supereffective|p1a: Skarmory
|-damage|p1a: Skarmory|1\/100
|
|-heal|p1a: Skarmory|7\/100|[from] item: Leftovers
|-heal|p2a: Rich Home Ca$ed|88\/100|[from] item: Leftovers
|upkeep
|turn|57
|
|move|p1a: Skarmory|Rest|p1a: Skarmory
|-status|p1a: Skarmory|slp
|-heal|p1a: Skarmory|100\/100 slp|[silent]
|-status|p1a: Skarmory|slp|[from] move: Rest
|move|p2a: Rich Home Ca$ed|Double-Edge|p1a: Skarmory
|-resisted|p1a: Skarmory
|-damage|p1a: Skarmory|79\/100 slp
|-damage|p2a: Rich Home Ca$ed|85\/100|[from] Recoil|[of] p1a: Skarmory
|
|-heal|p1a: Skarmory|85\/100 slp|[from] item: Leftovers
|-heal|p2a: Rich Home Ca$ed|91\/100|[from] item: Leftovers
|upkeep
|turn|58
|
|cant|p1a: Skarmory|slp
|move|p2a: Rich Home Ca$ed|Fire Blast|p1a: Skarmory|[miss]
|-miss|p2a: Rich Home Ca$ed
|
|-heal|p1a: Skarmory|91\/100 slp|[from] item: Leftovers
|-heal|p2a: Rich Home Ca$ed|97\/100|[from] item: Leftovers
|upkeep
|turn|59
|
|cant|p1a: Skarmory|slp
|move|p2a: Rich Home Ca$ed|Fire Blast|p1a: Skarmory|[miss]
|-miss|p2a: Rich Home Ca$ed
|
|-heal|p1a: Skarmory|97\/100 slp|[from] item: Leftovers
|-heal|p2a: Rich Home Ca$ed|100\/100|[from] item: Leftovers
|upkeep
|turn|60
|
|-curestatus|p1a: Skarmory|slp|[msg]
|move|p1a: Skarmory|Drill Peck|p2a: Rich Home Ca$ed
|-damage|p2a: Rich Home Ca$ed|83\/100
|move|p2a: Rich Home Ca$ed|Fire Blast|p1a: Skarmory
|-supereffective|p1a: Skarmory
|-damage|p1a: Skarmory|39\/100
|
|-heal|p1a: Skarmory|45\/100|[from] item: Leftovers
|-heal|p2a: Rich Home Ca$ed|89\/100|[from] item: Leftovers
|upkeep
|turn|61
|c|☆MARCOP9923|man
|
|move|p1a: Skarmory|Rest|p1a: Skarmory
|-status|p1a: Skarmory|slp
|-heal|p1a: Skarmory|100\/100 slp|[silent]
|-status|p1a: Skarmory|slp|[from] move: Rest
|move|p2a: Rich Home Ca$ed|Double-Edge|p1a: Skarmory
|-resisted|p1a: Skarmory
|-damage|p1a: Skarmory|79\/100 slp
|-damage|p2a: Rich Home Ca$ed|86\/100|[from] Recoil|[of] p1a: Skarmory
|
|-heal|p1a: Skarmory|85\/100 slp|[from] item: Leftovers
|-heal|p2a: Rich Home Ca$ed|92\/100|[from] item: Leftovers
|upkeep
|turn|62
|c|☆Jimmy Turtwig|ttar is curse rslide surf rest
|c|☆Jimmy Turtwig|if it makes you feel better
|c|☆MARCOP9923|and ill crit
|c|☆MARCOP9923|ur tar
|inactive|Jimmy Turtwig has 285 seconds left.
|c|☆Jimmy Turtwig|it lives :(
|
|cant|p1a: Skarmory|slp
|move|p2a: Rich Home Ca$ed|Double-Edge|p1a: Skarmory
|-resisted|p1a: Skarmory
|-damage|p1a: Skarmory|65\/100 slp
|-damage|p2a: Rich Home Ca$ed|89\/100|[from] Recoil|[of] p1a: Skarmory
|
|-heal|p1a: Skarmory|71\/100 slp|[from] item: Leftovers
|-heal|p2a: Rich Home Ca$ed|95\/100|[from] item: Leftovers
|upkeep
|turn|63
|c|☆MARCOP9923|whatever
|
|cant|p1a: Skarmory|slp
|move|p2a: Rich Home Ca$ed|Double-Edge|p1a: Skarmory
|-resisted|p1a: Skarmory
|-damage|p1a: Skarmory|52\/100 slp
|-damage|p2a: Rich Home Ca$ed|92\/100|[from] Recoil|[of] p1a: Skarmory
|
|-heal|p1a: Skarmory|58\/100 slp|[from] item: Leftovers
|-heal|p2a: Rich Home Ca$ed|98\/100|[from] item: Leftovers
|upkeep
|turn|64
|
|-curestatus|p1a: Skarmory|slp|[msg]
|move|p1a: Skarmory|Rest|p1a: Skarmory
|-status|p1a: Skarmory|slp
|-heal|p1a: Skarmory|100\/100 slp|[silent]
|-status|p1a: Skarmory|slp|[from] move: Rest
|move|p2a: Rich Home Ca$ed|Double-Edge|p1a: Skarmory
|-resisted|p1a: Skarmory
|-damage|p1a: Skarmory|81\/100 slp
|-damage|p2a: Rich Home Ca$ed|95\/100|[from] Recoil|[of] p1a: Skarmory
|
|-heal|p1a: Skarmory|87\/100 slp|[from] item: Leftovers
|-heal|p2a: Rich Home Ca$ed|100\/100|[from] item: Leftovers
|upkeep
|turn|65
|
|cant|p1a: Skarmory|slp
|move|p2a: Rich Home Ca$ed|Double-Edge|p1a: Skarmory
|-resisted|p1a: Skarmory
|-damage|p1a: Skarmory|66\/100 slp
|-damage|p2a: Rich Home Ca$ed|97\/100|[from] Recoil|[of] p1a: Skarmory
|
|-heal|p1a: Skarmory|72\/100 slp|[from] item: Leftovers
|-heal|p2a: Rich Home Ca$ed|100\/100|[from] item: Leftovers
|upkeep
|turn|66
|inactive|Jimmy Turtwig has 285 seconds left.
|
|cant|p1a: Skarmory|slp
|move|p2a: Rich Home Ca$ed|Double-Edge|p1a: Skarmory
|-resisted|p1a: Skarmory
|-damage|p1a: Skarmory|52\/100 slp
|-damage|p2a: Rich Home Ca$ed|97\/100|[from] Recoil|[of] p1a: Skarmory
|
|-heal|p1a: Skarmory|58\/100 slp|[from] item: Leftovers
|-heal|p2a: Rich Home Ca$ed|100\/100|[from] item: Leftovers
|upkeep
|turn|67
|
|-curestatus|p1a: Skarmory|slp|[msg]
|move|p1a: Skarmory|Rest|p1a: Skarmory
|-status|p1a: Skarmory|slp
|-heal|p1a: Skarmory|100\/100 slp|[silent]
|-status|p1a: Skarmory|slp|[from] move: Rest
|move|p2a: Rich Home Ca$ed|Double-Edge|p1a: Skarmory
|-resisted|p1a: Skarmory
|-damage|p1a: Skarmory|78\/100 slp
|-damage|p2a: Rich Home Ca$ed|97\/100|[from] Recoil|[of] p1a: Skarmory
|
|-heal|p1a: Skarmory|84\/100 slp|[from] item: Leftovers
|-heal|p2a: Rich Home Ca$ed|100\/100|[from] item: Leftovers
|upkeep
|turn|68
|
|cant|p1a: Skarmory|slp
|move|p2a: Rich Home Ca$ed|Double-Edge|p1a: Skarmory
|-resisted|p1a: Skarmory
|-damage|p1a: Skarmory|63\/100 slp
|-damage|p2a: Rich Home Ca$ed|97\/100|[from] Recoil|[of] p1a: Skarmory
|
|-heal|p1a: Skarmory|69\/100 slp|[from] item: Leftovers
|-heal|p2a: Rich Home Ca$ed|100\/100|[from] item: Leftovers
|upkeep
|turn|69
|
|cant|p1a: Skarmory|slp
|move|p2a: Rich Home Ca$ed|Double-Edge|p1a: Skarmory
|-resisted|p1a: Skarmory
|-damage|p1a: Skarmory|49\/100 slp
|-damage|p2a: Rich Home Ca$ed|97\/100|[from] Recoil|[of] p1a: Skarmory
|
|-heal|p1a: Skarmory|55\/100 slp|[from] item: Leftovers
|-heal|p2a: Rich Home Ca$ed|100\/100|[from] item: Leftovers
|upkeep
|turn|70
|
|-curestatus|p1a: Skarmory|slp|[msg]
|move|p1a: Skarmory|Rest|p1a: Skarmory
|-status|p1a: Skarmory|slp
|-heal|p1a: Skarmory|100\/100 slp|[silent]
|-status|p1a: Skarmory|slp|[from] move: Rest
|move|p2a: Rich Home Ca$ed|Double-Edge|p1a: Skarmory
|-resisted|p1a: Skarmory
|-damage|p1a: Skarmory|81\/100 slp
|-damage|p2a: Rich Home Ca$ed|97\/100|[from] Recoil|[of] p1a: Skarmory
|
|-heal|p1a: Skarmory|87\/100 slp|[from] item: Leftovers
|-heal|p2a: Rich Home Ca$ed|100\/100|[from] item: Leftovers
|upkeep
|turn|71
|
|cant|p1a: Skarmory|slp
|move|p2a: Rich Home Ca$ed|Double-Edge|p1a: Skarmory
|-resisted|p1a: Skarmory
|-damage|p1a: Skarmory|67\/100 slp
|-damage|p2a: Rich Home Ca$ed|97\/100|[from] Recoil|[of] p1a: Skarmory
|
|-heal|p1a: Skarmory|73\/100 slp|[from] item: Leftovers
|-heal|p2a: Rich Home Ca$ed|100\/100|[from] item: Leftovers
|upkeep
|turn|72
|
|cant|p1a: Skarmory|slp
|move|p2a: Rich Home Ca$ed|Double-Edge|p1a: Skarmory
|-crit|p1a: Skarmory
|-resisted|p1a: Skarmory
|-damage|p1a: Skarmory|31\/100 slp
|-damage|p2a: Rich Home Ca$ed|94\/100|[from] Recoil|[of] p1a: Skarmory
|
|-heal|p1a: Skarmory|37\/100 slp|[from] item: Leftovers
|-heal|p2a: Rich Home Ca$ed|99\/100|[from] item: Leftovers
|upkeep
|turn|73
|c|☆MARCOP9923|not
|c|☆MARCOP9923|there
|c|☆MARCOP9923|;-;
|
|-curestatus|p1a: Skarmory|slp|[msg]
|move|p1a: Skarmory|Rest|p1a: Skarmory
|-status|p1a: Skarmory|slp
|-heal|p1a: Skarmory|100\/100 slp|[silent]
|-status|p1a: Skarmory|slp|[from] move: Rest
|move|p2a: Rich Home Ca$ed|Double-Edge|p1a: Skarmory
|-resisted|p1a: Skarmory
|-damage|p1a: Skarmory|78\/100 slp
|-damage|p2a: Rich Home Ca$ed|96\/100|[from] Recoil|[of] p1a: Skarmory
|
|-heal|p1a: Skarmory|84\/100 slp|[from] item: Leftovers
|-heal|p2a: Rich Home Ca$ed|100\/100|[from] item: Leftovers
|upkeep
|turn|74
|
|cant|p1a: Skarmory|slp
|move|p2a: Rich Home Ca$ed|Fire Blast|p1a: Skarmory
|-supereffective|p1a: Skarmory
|-damage|p1a: Skarmory|27\/100 slp
|
|-heal|p1a: Skarmory|33\/100 slp|[from] item: Leftovers
|upkeep
|turn|75
|
|cant|p1a: Skarmory|slp
|move|p2a: Rich Home Ca$ed|Double-Edge|p1a: Skarmory
|-resisted|p1a: Skarmory
|-damage|p1a: Skarmory|11\/100 slp
|-damage|p2a: Rich Home Ca$ed|97\/100|[from] Recoil|[of] p1a: Skarmory
|
|-heal|p1a: Skarmory|17\/100 slp|[from] item: Leftovers
|-heal|p2a: Rich Home Ca$ed|100\/100|[from] item: Leftovers
|upkeep
|turn|76
|c|☆MARCOP9923|gg
|c|☆Jimmy Turtwig|gg
|
|-curestatus|p1a: Skarmory|slp|[msg]
|move|p1a: Skarmory|Rest|p1a: Skarmory
|-status|p1a: Skarmory|slp
|-heal|p1a: Skarmory|100\/100 slp|[silent]
|-status|p1a: Skarmory|slp|[from] move: Rest
|move|p2a: Rich Home Ca$ed|Double-Edge|p1a: Skarmory
|-resisted|p1a: Skarmory
|-damage|p1a: Skarmory|79\/100 slp
|-damage|p2a: Rich Home Ca$ed|97\/100|[from] Recoil|[of] p1a: Skarmory
|
|-heal|p1a: Skarmory|85\/100 slp|[from] item: Leftovers
|-heal|p2a: Rich Home Ca$ed|100\/100|[from] item: Leftovers
|upkeep
|turn|77
|inactive|MARCOP9923 has 285 seconds left.
|
|cant|p1a: Skarmory|slp
|move|p2a: Rich Home Ca$ed|Double-Edge|p1a: Skarmory
|-resisted|p1a: Skarmory
|-damage|p1a: Skarmory|63\/100 slp
|-damage|p2a: Rich Home Ca$ed|97\/100|[from] Recoil|[of] p1a: Skarmory
|
|-heal|p1a: Skarmory|69\/100 slp|[from] item: Leftovers
|-heal|p2a: Rich Home Ca$ed|100\/100|[from] item: Leftovers
|upkeep
|turn|78
|inactive|MARCOP9923 has 285 seconds left.
|inactive|MARCOP9923 has 270 seconds left.
|c|☆MARCOP9923|hmm
|c|☆MARCOP9923|nice
|
|cant|p1a: Skarmory|slp
|move|p2a: Rich Home Ca$ed|Double-Edge|p1a: Skarmory
|-resisted|p1a: Skarmory
|-damage|p1a: Skarmory|49\/100 slp
|-damage|p2a: Rich Home Ca$ed|97\/100|[from] Recoil|[of] p1a: Skarmory
|
|-heal|p1a: Skarmory|55\/100 slp|[from] item: Leftovers
|-heal|p2a: Rich Home Ca$ed|100\/100|[from] item: Leftovers
|upkeep
|turn|79
|-message|MARCOP9923 forfeited.
|
|win|Jimmy Turtwig
</script>
</div>
<div class="battle-log battle-log-inline"><div class="inner"><div class="battle-options"></div><div class="inner"><div class="chat message-error">Battle timer is ON: inactive players will automatically lose when time's up.</div><div class=""><small>Format:</small> <br><strong>[Gen 2] OU</strong></div><div class=""><small><em>Sleep Clause Mod:</em> Limit one foe put to sleep</small></div><div class=""><small><em>Species Clause:</em> Limit one of each Pokémon</small></div><div class=""><small><em>OHKO Clause:</em> OHKO moves are banned</small></div><div class=""><small><em>Evasion Moves Clause:</em> Evasion moves are banned</small></div><div class=""><small><em>HP Percentage Mod:</em> HP is shown in percentages</small></div><div class="spacer battle-history"><br></div><div class="battle-history">Battle started between Jimmy Turtwig and MARCOP9923!<br></div><div class="spacer battle-history"><br></div><div class="battle-history">Go! <strong>Raikou</strong>!<br></div><div class="spacer battle-history"><br></div><div class="battle-history">MARCOP9923 sent out Bobybag Bongrine (<strong>Zapdos</strong>)!<br></div><div class="spacer battle-history"><br></div><h2 class="battle-history">Turn 1</h2><div class="chat chatmessage-marcop9923"><strong style="color:#2ca964"><small>☆</small><span class="username" data-name="MARCOP9923">MARCOP9923</span>:</strong> <em>hf</em></div><div class="chat chatmessage-jimmyturtwig"><strong style="color:#9945d2"><small>☆</small><span class="username" data-name="Jimmy Turtwig">Jimmy Turtwig</span>:</strong> <em>u2</em></div><div class="chat chatmessage-tony"><strong style="color:#ac2791"><small>&amp;</small><span class="username" data-name="Tony">Tony</span>:</strong> <em>oh</em></div><div class="chat"><div class="broadcast-red"><strong>Moderated chat was set to @!</strong><br>Only users of rank @ and higher can talk.</div></div><div class="spacer battle-history"><br></div><div class="battle-history">Raikou used <strong>Thunder</strong>!<br></div><div class="battle-history"><small>(The opposing Bobybag Bongrine lost 41% of its health!)</small><br></div><div class="spacer battle-history"><br></div><div class="battle-history">The opposing Bobybag Bongrine used <strong>Thunder</strong>!<br></div><div class="battle-history"><small>The opposing Bobybag Bongrine's attack missed!</small><br></div><div class="spacer battle-history"><br></div><div class="battle-history"><small>The opposing Bobybag Bongrine restored a little HP using its Leftovers!</small><br></div><div class="spacer battle-history"><br></div><h2 class="battle-history">Turn 2</h2><div class="chat message-error">Jimmy Turtwig has 285 seconds left.</div><div class="spacer battle-history"><br></div><div class="battle-history">MARCOP9923 withdrew Bobybag Bongrine!<br></div><div class="battle-history">MARCOP9923 sent out Rich Home Ca$ed (<strong>Snorlax</strong>)!<br></div><div class="spacer battle-history"><br></div><div class="battle-history">Raikou used <strong>Hidden Power</strong>!<br></div><div class="battle-history"><small>(The opposing Rich Home Ca$ed lost 10% of its health!)</small><br></div><div class="spacer battle-history"><br></div><div class="battle-history"><small>The opposing Rich Home Ca$ed restored a little HP using its Leftovers!</small><br></div><div class="spacer battle-history"><br></div><h2 class="battle-history">Turn 3</h2><div class="spacer battle-history"><br></div><div class="battle-history">Raikou, come back!<br></div><div class="battle-history">Go! <strong>Skarmory</strong>!<br></div><div class="spacer battle-history"><br></div><div class="battle-history">The opposing Rich Home Ca$ed used <strong>Double-Edge</strong>!<br></div><div class="battle-history"><small>It's not very effective...</small><br></div><div class="battle-history"><small>(Skarmory lost 16% of its health!)</small><br></div><div class="battle-history"><small>The opposing Rich Home Ca$ed was damaged by the recoil!</small><br></div><div class="spacer battle-history"><br></div><div class="battle-history"><small>Skarmory restored a little HP using its Leftovers!</small><br></div><div class="battle-history"><small>The opposing Rich Home Ca$ed restored a little HP using its Leftovers!</small><br></div><div class="spacer battle-history"><br></div><h2 class="battle-history">Turn 4</h2><div class="spacer battle-history"><br></div><div class="battle-history">MARCOP9923 withdrew Rich Home Ca$ed!<br></div><div class="battle-history">MARCOP9923 sent out cased (<strong>Cloyster</strong>)!<br></div><div class="spacer battle-history"><br></div><div class="battle-history">Skarmory used <strong>Whirlwind</strong>!<br></div><div class="spacer battle-history"><br></div><div class="battle-history">Casedvictory (<strong>Golem</strong>) was dragged out!<br></div><div class="spacer battle-history"><br></div><div class="battle-history"><small>Skarmory restored a little HP using its Leftovers!</small><br></div><div class="spacer battle-history"><br></div><h2 class="battle-history">Turn 5</h2><div class="spacer battle-history"><br></div><div class="battle-history">Skarmory, come back!<br></div><div class="battle-history">Go! <strong>Cloyster</strong>!<br></div><div class="spacer battle-history"><br></div><div class="battle-history">MARCOP9923 withdrew Casedvictory!<br></div><div class="battle-history">MARCOP9923 sent out cased (<strong>Cloyster</strong>)!<br></div><div class="spacer battle-history"><br></div><h2 class="battle-history">Turn 6</h2><div class="spacer battle-history"><br></div><div class="battle-history">The opposing cased used <strong>Toxic</strong>!<br></div><div class="battle-history"><small>Cloyster was badly poisoned!</small><br></div><div class="spacer battle-history"><br></div><div class="battle-history">Cloyster used <strong>Toxic</strong>!<br></div><div class="battle-history"><small>The opposing cased was badly poisoned!</small><br></div><div class="battle-history"><small>Cloyster was hurt by poison!</small><br></div><div class="spacer battle-history"><br></div><div class="battle-history"><small>Cloyster restored a little HP using its Leftovers!</small><br></div><div class="spacer battle-history"><br></div><h2 class="battle-history">Turn 7</h2><div class="spacer battle-history"><br></div><div class="battle-history">The opposing cased used <strong>Spikes</strong>!<br></div><div class="battle-history"><small>Spikes were scattered on the ground all around your team!</small><br></div><div class="battle-history"><small>The opposing cased was hurt by poison!</small><br></div><div class="spacer battle-history"><br></div><div class="battle-history">Cloyster used <strong>Spikes</strong>!<br></div><div class="battle-history"><small>Spikes were scattered on the ground all around the opposing team!</small><br></div><div class="battle-history"><small>Cloyster was hurt by poison!</small><br></div><div class="spacer battle-history"><br></div><div class="battle-history"><small>Cloyster restored a little HP using its Leftovers!</small><br></div><div class="battle-history"><small>The opposing cased restored a little HP using its Leftovers!</small><br></div><div class="spacer battle-history"><br></div><h2 class="battle-history">Turn 8</h2><div class="chat message-error">Jimmy Turtwig has 285 seconds left.</div><div class="spacer battle-history"><br></div><div class="battle-history">MARCOP9923 withdrew cased!<br></div><div class="battle-history">MARCOP9923 sent out VER$ACE PYTHON (<strong>Gengar</strong>)!<br></div><div class="battle-history"><small>The opposing VER$ACE PYTHON was hurt by the spikes!</small><br></div><div class="spacer battle-history"><br></div><div class="battle-history">Cloyster, come back!<br></div><div class="battle-history">Go! <strong>Raikou</strong>!<br></div><div class="battle-history"><small>Raikou was hurt by the spikes!</small><br></div><div class="spacer battle-history"><br></div><div class="battle-history"><small>Raikou restored a little HP using its Leftovers!</small><br></div><div class="battle-history"><small>The opposing VER$ACE PYTHON restored a little HP using its Leftovers!</small><br></div><div class="spacer battle-history"><br></div><h2 class="battle-history">Turn 9</h2><div class="spacer battle-history"><br></div><div class="battle-history">MARCOP9923 withdrew VER$ACE PYTHON!<br></div><div class="battle-history">MARCOP9923 sent out Rich Home Ca$ed (<strong>Snorlax</strong>)!<br></div><div class="battle-history"><small>The opposing Rich Home Ca$ed was hurt by the spikes!</small><br></div><div class="spacer battle-history"><br></div><div class="battle-history">Raikou used <strong>Roar</strong>!<br></div><div class="spacer battle-history"><br></div><div class="battle-history">Dice (<strong>Jynx</strong>) was dragged out!<br></div><div class="battle-history"><small>The opposing Dice was hurt by the spikes!</small><br></div><div class="spacer battle-history"><br></div><div class="battle-history"><small>Raikou restored a little HP using its Leftovers!</small><br></div><div class="battle-history"><small>The opposing Dice restored a little HP using its Leftovers!</small><br></div><div class="spacer battle-history"><br></div><h2 class="battle-history">Turn 10</h2><div class="chat message-error">Jimmy Turtwig has 285 seconds left.</div><div class="chat message-error">Jimmy Turtwig has 270 seconds left.</div><div class="chat message-error">MARCOP9923 has 285 seconds left.</div><div class="chat message-error">Jimmy Turtwig has 255 seconds left.</div><div class="spacer battle-history"><br></div><div class="battle-history">MARCOP9923 withdrew Dice!<br></div><div class="battle-history">MARCOP9923 sent out Rich Home Ca$ed (<strong>Snorlax</strong>)!<br></div><div class="battle-history"><small>The opposing Rich Home Ca$ed was hurt by the spikes!</small><br></div><div class="spacer battle-history"><br></div><div class="battle-history">Raikou used <strong>Thunder</strong>!<br></div><div class="battle-history"><small>(The opposing Rich Home Ca$ed lost 30% of its health!)</small><br></div><div class="spacer battle-history"><br></div><div class="battle-history"><small>Raikou restored a little HP using its Leftovers!</small><br></div><div class="battle-history"><small>The opposing Rich Home Ca$ed restored a little HP using its Leftovers!</small><br></div><div class="spacer battle-history"><br></div><h2 class="battle-history">Turn 11</h2><div class="chat message-error">Jimmy Turtwig has 270 seconds left.</div><div class="spacer battle-history"><br></div><div class="battle-history">The opposing Rich Home Ca$ed used <strong>Rest</strong>!<br></div><div class="battle-history"><small>The opposing Rich Home Ca$ed fell asleep!</small><br></div><div class="battle-history"><small>The opposing Rich Home Ca$ed slept and became healthy!</small><br></div><div class="spacer battle-history"><br></div><div class="battle-history">Raikou used <strong>Roar</strong>!<br></div><div class="spacer battle-history"><br></div><div class="battle-history">Dice (<strong>Jynx</strong>) was dragged out!<br></div><div class="battle-history"><small>The opposing Dice was hurt by the spikes!</small><br></div><div class="spacer battle-history"><br></div><div class="battle-history"><small>The opposing Dice restored a little HP using its Leftovers!</small><br></div><div class="spacer battle-history"><br></div><h2 class="battle-history">Turn 12</h2><div class="chat message-error">Jimmy Turtwig has 270 seconds left.</div><div class="chat message-error">MARCOP9923 has 285 seconds left.</div><div class="chat message-error">Jimmy Turtwig has 255 seconds left.</div><div class="spacer battle-history"><br></div><div class="battle-history">Raikou, come back!<br></div><div class="battle-history">Go! <strong>Heracross</strong>!<br></div><div class="battle-history"><small>Heracross was hurt by the spikes!</small><br></div><div class="spacer battle-history"><br></div><div class="battle-history">MARCOP9923 withdrew Dice!<br></div><div class="battle-history">MARCOP9923 sent out Rich Home Ca$ed (<strong>Snorlax</strong>)!<br></div><div class="battle-history"><small>The opposing Rich Home Ca$ed was hurt by the spikes!</small><br></div><div class="spacer battle-history"><br></div><div class="battle-history"><small>Heracross restored a little HP using its Leftovers!</small><br></div><div class="battle-history"><small>The opposing Rich Home Ca$ed restored a little HP using its Leftovers!</small><br></div><div class="spacer battle-history"><br></div><h2 class="battle-history">Turn 13</h2><div class="chat message-error">Jimmy Turtwig has 255 seconds left.</div><div class="spacer battle-history"><br></div><div class="battle-history">Heracross, come back!<br></div><div class="battle-history">Go! <strong>Raikou</strong>!<br></div><div class="battle-history"><small>Raikou was hurt by the spikes!</small><br></div><div class="spacer battle-history"><br></div><div class="battle-history">MARCOP9923 withdrew Rich Home Ca$ed!<br></div><div class="battle-history">MARCOP9923 sent out Casedvictory (<strong>Golem</strong>)!<br></div><div class="battle-history"><small>The opposing Casedvictory was hurt by the spikes!</small><br></div><div class="spacer battle-history"><br></div><div class="battle-history"><small>Raikou restored a little HP using its Leftovers!</small><br></div><div class="battle-history"><small>The opposing Casedvictory restored a little HP using its Leftovers!</small><br></div><div class="spacer battle-history"><br></div><h2 class="battle-history">Turn 14</h2><div class="chat message-error">Jimmy Turtwig has 240 seconds left.</div><div class="chat message-error">Jimmy Turtwig has 225 seconds left.</div><div class="chat chatmessage-marcop9923"><strong style="color:#2ca964"><small>☆</small><span class="username" data-name="MARCOP9923">MARCOP9923</span>:</strong> <em>yo tony can u be wary if I DC</em></div><div class="chat chatmessage-marcop9923"><strong style="color:#2ca964"><small>☆</small><span class="username" data-name="MARCOP9923">MARCOP9923</span>:</strong> <em>my comp</em></div><div class="chat message-error">Jimmy Turtwig has 210 seconds left.</div><div class="chat chatmessage-marcop9923"><strong style="color:#2ca964"><small>☆</small><span class="username" data-name="MARCOP9923">MARCOP9923</span>:</strong> <em>is kinda fucked</em></div><div class="chat chatmessage-tony"><strong style="color:#ac2791"><small>&amp;</small><span class="username" data-name="Tony">Tony</span>:</strong> <em>yes sir</em></div><div class="chat chatmessage-marcop9923"><strong style="color:#2ca964"><small>☆</small><span class="username" data-name="MARCOP9923">MARCOP9923</span>:</strong> <em>thank you</em></div><div class="spacer battle-history"><br></div><div class="battle-history">Raikou, come back!<br></div><div class="battle-history">Go! <strong>Cloyster</strong>!<br></div><div class="battle-history"><small>Cloyster was poisoned!</small><br></div><div class="battle-history"><small>Cloyster was hurt by the spikes!</small><br></div><div class="battle-history"><small>Cloyster was hurt by poison!</small><br></div><div class="spacer battle-history"><br></div><div class="battle-history">The opposing Casedvictory used <strong>Rapid Spin</strong>!<br></div><div class="battle-history"><small>(Cloyster lost 3% of its health!)</small><br></div><div class="battle-history"><small>The spikes disappeared from the ground around the opposing team!</small><br></div><div class="spacer battle-history"><br></div><div class="battle-history"><small>Cloyster restored a little HP using its Leftovers!</small><br></div><div class="battle-history"><small>The opposing Casedvictory restored a little HP using its Leftovers!</small><br></div><div class="spacer battle-history"><br></div><h2 class="battle-history">Turn 15</h2><div class="spacer battle-history"><br></div><div class="battle-history">MARCOP9923 withdrew Casedvictory!<br></div><div class="battle-history">MARCOP9923 sent out Bobybag Bongrine (<strong>Zapdos</strong>)!<br></div><div class="spacer battle-history"><br></div><div class="battle-history">Cloyster used <strong>Spikes</strong>!<br></div><div class="battle-history"><small>Spikes were scattered on the ground all around the opposing team!</small><br></div><div class="battle-history"><small>Cloyster was hurt by poison!</small><br></div><div class="spacer battle-history"><br></div><div class="battle-history"><small>The opposing Bobybag Bongrine restored a little HP using its Leftovers!</small><br></div><div class="battle-history"><small>Cloyster restored a little HP using its Leftovers!</small><br></div><div class="spacer battle-history"><br></div><h2 class="battle-history">Turn 16</h2><div class="chat message-error">Jimmy Turtwig has 210 seconds left.</div><div class="chat message-error">Jimmy Turtwig has 195 seconds left.</div><div class="chat message-error">MARCOP9923 has 285 seconds left.</div><div class="spacer battle-history"><br></div><div class="battle-history">MARCOP9923 withdrew Bobybag Bongrine!<br></div><div class="battle-history">MARCOP9923 sent out Casedvictory (<strong>Golem</strong>)!<br></div><div class="battle-history"><small>The opposing Casedvictory was hurt by the spikes!</small><br></div><div class="spacer battle-history"><br></div><div class="battle-history">Cloyster, come back!<br></div><div class="battle-history">Go! <strong>Tyranitar</strong>!<br></div><div class="battle-history"><small>Tyranitar was hurt by the spikes!</small><br></div><div class="spacer battle-history"><br></div><div class="battle-history"><small>Tyranitar restored a little HP using its Leftovers!</small><br></div><div class="battle-history"><small>The opposing Casedvictory restored a little HP using its Leftovers!</small><br></div><div class="spacer battle-history"><br></div><h2 class="battle-history">Turn 17</h2><div class="chat message-error">Jimmy Turtwig has 180 seconds left.</div><div class="spacer battle-history"><br></div><div class="battle-history">Tyranitar used <strong>Surf</strong>!<br></div><div class="battle-history"><small>It's super effective!</small><br></div><div class="battle-history"><small>(The opposing Casedvictory lost 94% of its health!)</small><br></div><div class="spacer battle-history"><br></div><div class="battle-history">The opposing Casedvictory fainted!<br></div><div class="spacer battle-history"><br></div><div class="battle-history">MARCOP9923 sent out cased (<strong>Cloyster</strong>)!<br></div><div class="battle-history"><small>The opposing cased was poisoned!</small><br></div><div class="battle-history"><small>The opposing cased was hurt by the spikes!</small><br></div><div class="spacer battle-history"><br></div><div class="battle-history"><small>The opposing cased restored a little HP using its Leftovers!</small><br></div><div class="battle-history"><small>Tyranitar restored a little HP using its Leftovers!</small><br></div><div class="spacer battle-history"><br></div><h2 class="battle-history">Turn 18</h2><div class="chat message-error">Jimmy Turtwig has 195 seconds left.</div><div class="chat message-error">Jimmy Turtwig has 180 seconds left.</div><div class="chat chatmessage-marcop9923"><strong style="color:#2ca964"><small>☆</small><span class="username" data-name="MARCOP9923">MARCOP9923</span>:</strong> <em>nice play</em></div><div class="chat chatmessage-jimmyturtwig"><strong style="color:#9945d2"><small>☆</small><span class="username" data-name="Jimmy Turtwig">Jimmy Turtwig</span>:</strong> <em>ty</em></div><div class="chat message-error">Jimmy Turtwig has 165 seconds left.</div><div class="spacer battle-history"><br></div><div class="battle-history">Tyranitar, come back!<br></div><div class="battle-history">Go! <strong>Raikou</strong>!<br></div><div class="battle-history"><small>Raikou was hurt by the spikes!</small><br></div><div class="spacer battle-history"><br></div><div class="battle-history">The opposing cased used <strong>Surf</strong>!<br></div><div class="battle-history"><small>(Raikou lost 27% of its health!)</small><br></div><div class="battle-history"><small>The opposing cased was hurt by poison!</small><br></div><div class="spacer battle-history"><br></div><div class="battle-history"><small>Raikou restored a little HP using its Leftovers!</small><br></div><div class="battle-history"><small>The opposing cased restored a little HP using its Leftovers!</small><br></div><div class="spacer battle-history"><br></div><h2 class="battle-history">Turn 19</h2><div class="spacer battle-history"><br></div><div class="battle-history">MARCOP9923 withdrew cased!<br></div><div class="battle-history">MARCOP9923 sent out Rich Home Ca$ed (<strong>Snorlax</strong>)!<br></div><div class="battle-history"><small>The opposing Rich Home Ca$ed was hurt by the spikes!</small><br></div><div class="spacer battle-history"><br></div><div class="battle-history">Raikou used <strong>Thunder</strong>!<br></div><div class="battle-history"><small>(The opposing Rich Home Ca$ed lost 28% of its health!)</small><br></div><div class="spacer battle-history"><br></div><div class="battle-history"><small>Raikou restored a little HP using its Leftovers!</small><br></div><div class="battle-history"><small>The opposing Rich Home Ca$ed restored a little HP using its Leftovers!</small><br></div><div class="spacer battle-history"><br></div><h2 class="battle-history">Turn 20</h2><div class="spacer battle-history"><br></div><div class="battle-history">The opposing Rich Home Ca$ed is fast asleep.<br></div><div class="spacer battle-history"><br></div><div class="battle-history">Raikou used <strong>Roar</strong>!<br></div><div class="spacer battle-history"><br></div><div class="battle-history">Bobybag Bongrine (<strong>Zapdos</strong>) was dragged out!<br></div><div class="spacer battle-history"><br></div><div class="battle-history"><small>Raikou restored a little HP using its Leftovers!</small><br></div><div class="battle-history"><small>The opposing Bobybag Bongrine restored a little HP using its Leftovers!</small><br></div><div class="spacer battle-history"><br></div><h2 class="battle-history">Turn 21</h2><div class="chat message-error">Jimmy Turtwig has 180 seconds left.</div><div class="spacer battle-history"><br></div><div class="battle-history">Raikou used <strong>Hidden Power</strong>!<br></div><div class="battle-history"><small>It's super effective!</small><br></div><div class="battle-history"><small>(The opposing Bobybag Bongrine lost 37% of its health!)</small><br></div><div class="spacer battle-history"><br></div><div class="battle-history">The opposing Bobybag Bongrine used <strong>Thunder</strong>!<br></div><div class="battle-history"><small>The opposing Bobybag Bongrine's attack missed!</small><br></div><div class="spacer battle-history"><br></div><div class="battle-history"><small>Raikou restored a little HP using its Leftovers!</small><br></div><div class="battle-history"><small>The opposing Bobybag Bongrine restored a little HP using its Leftovers!</small><br></div><div class="spacer battle-history"><br></div><h2 class="battle-history">Turn 22</h2><div class="chat message-error">Jimmy Turtwig has 180 seconds left.</div><div class="spacer battle-history"><br></div><div class="battle-history">The opposing Bobybag Bongrine used <strong>Rest</strong>!<br></div><div class="battle-history"><small>The opposing Bobybag Bongrine fell asleep!</small><br></div><div class="battle-history"><small>The opposing Bobybag Bongrine slept and became healthy!</small><br></div><div class="spacer battle-history"><br></div><div class="battle-history">Raikou used <strong>Roar</strong>!<br></div><div class="spacer battle-history"><br></div><div class="battle-history">cased (<strong>Cloyster</strong>) was dragged out!<br></div><div class="battle-history"><small>The opposing cased was hurt by the spikes!</small><br></div><div class="spacer battle-history"><br></div><div class="battle-history"><small>Raikou restored a little HP using its Leftovers!</small><br></div><div class="battle-history"><small>The opposing cased restored a little HP using its Leftovers!</small><br></div><div class="spacer battle-history"><br></div><h2 class="battle-history">Turn 23</h2><div class="spacer battle-history"><br></div><div class="battle-history">MARCOP9923 withdrew cased!<br></div><div class="battle-history">MARCOP9923 sent out Bobybag Bongrine (<strong>Zapdos</strong>)!<br></div><div class="spacer battle-history"><br></div><div class="battle-history">Raikou used <strong>Thunder</strong>!<br></div><div class="battle-history"><small>(The opposing Bobybag Bongrine lost 46% of its health!)</small><br></div><div class="spacer battle-history"><br></div><div class="battle-history"><small>Raikou restored a little HP using its Leftovers!</small><br></div><div class="battle-history"><small>The opposing Bobybag Bongrine restored a little HP using its Leftovers!</small><br></div><div class="spacer battle-history"><br></div><h2 class="battle-history">Turn 24</h2><div class="spacer battle-history"><br></div><div class="battle-history">Raikou used <strong>Hidden Power</strong>!<br></div><div class="battle-history"><small>It's super effective!</small><br></div><div class="battle-history"><small>(The opposing Bobybag Bongrine lost 35% of its health!)</small><br></div><div class="spacer battle-history"><br></div><div class="battle-history">The opposing Bobybag Bongrine is fast asleep.<br></div><div class="spacer battle-history"><br></div><div class="battle-history">The opposing Bobybag Bongrine used <strong>Sleep Talk</strong>!<br></div><div class="spacer battle-history"><br></div><div class="battle-history">The opposing Bobybag Bongrine used <strong>Hidden Power</strong>!<br></div><div class="battle-history"><small>(Raikou lost 16% of its health!)</small><br></div><div class="spacer battle-history"><br></div><div class="battle-history"><small>Raikou restored a little HP using its Leftovers!</small><br></div><div class="battle-history"><small>The opposing Bobybag Bongrine restored a little HP using its Leftovers!</small><br></div><div class="spacer battle-history"><br></div><h2 class="battle-history">Turn 25</h2><div class="chat message-error">Jimmy Turtwig has 180 seconds left.</div><div class="chat message-error">MARCOP9923 has 285 seconds left.</div><div class="spacer battle-history"><br></div><div class="battle-history">MARCOP9923 withdrew Bobybag Bongrine!<br></div><div class="battle-history">MARCOP9923 sent out Dice (<strong>Jynx</strong>)!<br></div><div class="battle-history"><small>The opposing Dice was hurt by the spikes!</small><br></div><div class="spacer battle-history"><br></div><div class="battle-history">Raikou used <strong>Thunder</strong>!<br></div><div class="battle-history"><small>(The opposing Dice lost 50% of its health!)</small><br></div><div class="spacer battle-history"><br></div><div class="battle-history"><small>Raikou restored a little HP using its Leftovers!</small><br></div><div class="battle-history"><small>The opposing Dice restored a little HP using its Leftovers!</small><br></div><div class="spacer battle-history"><br></div><h2 class="battle-history">Turn 26</h2><div class="chat message-error">Jimmy Turtwig has 180 seconds left.</div><div class="spacer battle-history"><br></div><div class="battle-history">Raikou used <strong>Thunder</strong>!<br></div><div class="battle-history"><small>(The opposing Dice lost 32% of its health!)</small><br></div><div class="spacer battle-history"><br></div><div class="battle-history">The opposing Dice fainted!<br></div><div class="chat message-error">MARCOP9923 has 285 seconds left.</div><div class="spacer battle-history"><br></div><div class="battle-history">MARCOP9923 sent out Rich Home Ca$ed (<strong>Snorlax</strong>)!<br></div><div class="battle-history"><small>The opposing Rich Home Ca$ed was hurt by the spikes!</small><br></div><div class="spacer battle-history"><br></div><div class="battle-history"><small>Raikou restored a little HP using its Leftovers!</small><br></div><div class="battle-history"><small>The opposing Rich Home Ca$ed restored a little HP using its Leftovers!</small><br></div><div class="spacer battle-history"><br></div><h2 class="battle-history">Turn 27</h2><div class="spacer battle-history"><br></div><div class="battle-history">The opposing Rich Home Ca$ed is fast asleep.<br></div><div class="spacer battle-history"><br></div><div class="battle-history">Raikou used <strong>Roar</strong>!<br></div><div class="spacer battle-history"><br></div><div class="battle-history">cased (<strong>Cloyster</strong>) was dragged out!<br></div><div class="battle-history"><small>The opposing cased was hurt by the spikes!</small><br></div><div class="spacer battle-history"><br></div><div class="battle-history"><small>Raikou restored a little HP using its Leftovers!</small><br></div><div class="battle-history"><small>The opposing cased restored a little HP using its Leftovers!</small><br></div><div class="spacer battle-history"><br></div><h2 class="battle-history">Turn 28</h2><div class="spacer battle-history"><br></div><div class="battle-history">Raikou, come back!<br></div><div class="battle-history">Go! <strong>Tyranitar</strong>!<br></div><div class="battle-history"><small>Tyranitar was hurt by the spikes!</small><br></div><div class="spacer battle-history"><br></div><div class="battle-history">MARCOP9923 withdrew cased!<br></div><div class="battle-history">MARCOP9923 sent out Bobybag Bongrine (<strong>Zapdos</strong>)!<br></div><div class="spacer battle-history"><br></div><div class="battle-history"><small>The opposing Bobybag Bongrine restored a little HP using its Leftovers!</small><br></div><div class="battle-history"><small>Tyranitar restored a little HP using its Leftovers!</small><br></div><div class="spacer battle-history"><br></div><h2 class="battle-history">Turn 29</h2><div class="spacer battle-history"><br></div><div class="battle-history">MARCOP9923 withdrew Bobybag Bongrine!<br></div><div class="battle-history">MARCOP9923 sent out cased (<strong>Cloyster</strong>)!<br></div><div class="battle-history"><small>The opposing cased was hurt by the spikes!</small><br></div><div class="battle-history"><small>The opposing cased was hurt by poison!</small><br></div><div class="spacer battle-history"><br></div><div class="battle-history">Tyranitar used <strong>Rock Slide</strong>!<br></div><div class="battle-history"><small>Tyranitar's attack missed!</small><br></div><div class="spacer battle-history"><br></div><div class="battle-history"><small>The opposing cased restored a little HP using its Leftovers!</small><br></div><div class="battle-history"><small>Tyranitar restored a little HP using its Leftovers!</small><br></div><div class="spacer battle-history"><br></div><h2 class="battle-history">Turn 30</h2><div class="chat message-error">Jimmy Turtwig has 195 seconds left.</div><div class="spacer battle-history"><br></div><div class="battle-history">The opposing cased used <strong>Explosion</strong>!<br></div><div class="battle-history"><small>It's not very effective...</small><br></div><div class="battle-history"><small>(Tyranitar lost 43% of its health!)</small><br></div><div class="spacer battle-history"><br></div><div class="battle-history">The opposing cased fainted!<br></div><div class="spacer battle-history"><br></div><div class="battle-history">MARCOP9923 sent out VER$ACE PYTHON (<strong>Gengar</strong>)!<br></div><div class="battle-history"><small>The opposing VER$ACE PYTHON was hurt by the spikes!</small><br></div><div class="spacer battle-history"><br></div><div class="battle-history"><small>The opposing VER$ACE PYTHON restored a little HP using its Leftovers!</small><br></div><div class="battle-history"><small>Tyranitar restored a little HP using its Leftovers!</small><br></div><div class="spacer battle-history"><br></div><h2 class="battle-history">Turn 31</h2><div class="chat message-error">Jimmy Turtwig has 210 seconds left.</div><div class="spacer battle-history"><br></div><div class="battle-history">Tyranitar, come back!<br></div><div class="battle-history">Go! <strong>Raikou</strong>!<br></div><div class="battle-history"><small>Raikou was hurt by the spikes!</small><br></div><div class="spacer battle-history"><br></div><div class="battle-history">The opposing VER$ACE PYTHON used <strong>Dynamic Punch</strong>!<br></div><div class="battle-history"><small>The opposing VER$ACE PYTHON's attack missed!</small><br></div><div class="spacer battle-history"><br></div><div class="battle-history"><small>Raikou restored a little HP using its Leftovers!</small><br></div><div class="battle-history"><small>The opposing VER$ACE PYTHON restored a little HP using its Leftovers!</small><br></div><div class="spacer battle-history"><br></div><h2 class="battle-history">Turn 32</h2><div class="spacer battle-history"><br></div><div class="battle-history">MARCOP9923 withdrew VER$ACE PYTHON!<br></div><div class="battle-history">MARCOP9923 sent out Bobybag Bongrine (<strong>Zapdos</strong>)!<br></div><div class="spacer battle-history"><br></div><div class="battle-history">Raikou used <strong>Thunder</strong>!<br></div><div class="battle-history"><small>A critical hit!</small><br></div><div class="battle-history"><small>(The opposing Bobybag Bongrine lost 37% of its health!)</small><br></div><div class="spacer battle-history"><br></div><div class="battle-history">The opposing Bobybag Bongrine fainted!<br></div><div class="spacer battle-history"><br></div><div class="battle-history">MARCOP9923 sent out Rich Home Ca$ed (<strong>Snorlax</strong>)!<br></div><div class="battle-history"><small>The opposing Rich Home Ca$ed was hurt by the spikes!</small><br></div><div class="spacer battle-history"><br></div><div class="battle-history"><small>Raikou restored a little HP using its Leftovers!</small><br></div><div class="battle-history"><small>The opposing Rich Home Ca$ed restored a little HP using its Leftovers!</small><br></div><div class="spacer battle-history"><br></div><h2 class="battle-history">Turn 33</h2><div class="chat message-error">Jimmy Turtwig has 210 seconds left.</div><div class="spacer battle-history"><br></div><div class="battle-history"><small>The opposing Rich Home Ca$ed woke up!</small><br></div><div class="spacer battle-history"><br></div><div class="battle-history">The opposing Rich Home Ca$ed used <strong>Rest</strong>!<br></div><div class="battle-history"><small>The opposing Rich Home Ca$ed fell asleep!</small><br></div><div class="battle-history"><small>The opposing Rich Home Ca$ed slept and became healthy!</small><br></div><div class="spacer battle-history"><br></div><div class="battle-history">Raikou used <strong>Roar</strong>!<br></div><div class="spacer battle-history"><br></div><div class="battle-history">VER$ACE PYTHON (<strong>Gengar</strong>) was dragged out!<br></div><div class="battle-history"><small>The opposing VER$ACE PYTHON was hurt by the spikes!</small><br></div><div class="spacer battle-history"><br></div><div class="battle-history"><small>Raikou restored a little HP using its Leftovers!</small><br></div><div class="battle-history"><small>The opposing VER$ACE PYTHON restored a little HP using its Leftovers!</small><br></div><div class="spacer battle-history"><br></div><h2 class="battle-history">Turn 34</h2><div class="spacer battle-history"><br></div><div class="battle-history">MARCOP9923 withdrew VER$ACE PYTHON!<br></div><div class="battle-history">MARCOP9923 sent out Rich Home Ca$ed (<strong>Snorlax</strong>)!<br></div><div class="battle-history"><small>The opposing Rich Home Ca$ed was hurt by the spikes!</small><br></div><div class="spacer battle-history"><br></div><div class="battle-history">Raikou used <strong>Roar</strong>!<br></div><div class="spacer battle-history"><br></div><div class="battle-history">VER$ACE PYTHON (<strong>Gengar</strong>) was dragged out!<br></div><div class="battle-history"><small>The opposing VER$ACE PYTHON was hurt by the spikes!</small><br></div><div class="spacer battle-history"><br></div><div class="battle-history"><small>The opposing VER$ACE PYTHON restored a little HP using its Leftovers!</small><br></div><div class="spacer battle-history"><br></div><h2 class="battle-history">Turn 35</h2><div class="spacer battle-history"><br></div><div class="battle-history">MARCOP9923 withdrew VER$ACE PYTHON!<br></div><div class="battle-history">MARCOP9923 sent out Rich Home Ca$ed (<strong>Snorlax</strong>)!<br></div><div class="battle-history"><small>The opposing Rich Home Ca$ed was hurt by the spikes!</small><br></div><div class="spacer battle-history"><br></div><div class="battle-history">Raikou used <strong>Thunder</strong>!<br></div><div class="battle-history"><small>A critical hit!</small><br></div><div class="battle-history"><small>(The opposing Rich Home Ca$ed lost 56% of its health!)</small><br></div><div class="spacer battle-history"><br></div><div class="battle-history"><small>The opposing Rich Home Ca$ed restored a little HP using its Leftovers!</small><br></div><div class="spacer battle-history"><br></div><h2 class="battle-history">Turn 36</h2><div class="chat message-error">Jimmy Turtwig has 225 seconds left.</div><div class="chat chatmessage-marcop9923"><strong style="color:#2ca964"><small>☆</small><span class="username" data-name="MARCOP9923">MARCOP9923</span>:</strong> <em>holy shi</em></div><div class="chat chatmessage-marcop9923"><strong style="color:#2ca964"><small>☆</small><span class="username" data-name="MARCOP9923">MARCOP9923</span>:</strong> <em>t</em></div><div class="chat chatmessage-marcop9923"><strong style="color:#2ca964"><small>☆</small><span class="username" data-name="MARCOP9923">MARCOP9923</span>:</strong> <em>u hit</em></div><div class="chat chatmessage-marcop9923"><strong style="color:#2ca964"><small>☆</small><span class="username" data-name="MARCOP9923">MARCOP9923</span>:</strong> <em>every one</em></div><div class="chat chatmessage-jimmyturtwig"><strong style="color:#9945d2"><small>☆</small><span class="username" data-name="Jimmy Turtwig">Jimmy Turtwig</span>:</strong> <em>yeah this raikou</em></div><div class="chat chatmessage-marcop9923"><strong style="color:#2ca964"><small>☆</small><span class="username" data-name="MARCOP9923">MARCOP9923</span>:</strong> <em>gg </em></div><div class="chat chatmessage-jimmyturtwig"><strong style="color:#9945d2"><small>☆</small><span class="username" data-name="Jimmy Turtwig">Jimmy Turtwig</span>:</strong> <em>is incredible</em></div><div class="chat message-error">MARCOP9923 has 285 seconds left.</div><div class="chat chatmessage-jimmyturtwig"><strong style="color:#9945d2"><small>☆</small><span class="username" data-name="Jimmy Turtwig">Jimmy Turtwig</span>:</strong> <em>gg</em></div><div class="chat chatmessage-marcop9923"><strong style="color:#2ca964"><small>☆</small><span class="username" data-name="MARCOP9923">MARCOP9923</span>:</strong> <em>im not</em></div><div class="chat chatmessage-marcop9923"><strong style="color:#2ca964"><small>☆</small><span class="username" data-name="MARCOP9923">MARCOP9923</span>:</strong> <em>just</em></div><div class="chat chatmessage-marcop9923"><strong style="color:#2ca964"><small>☆</small><span class="username" data-name="MARCOP9923">MARCOP9923</span>:</strong> <em>mad </em></div><div class="chat message-error">MARCOP9923 has 270 seconds left.</div><div class="chat message-error">Jimmy Turtwig has 210 seconds left.</div><div class="spacer battle-history"><br></div><div class="battle-history">Raikou used <strong>Thunder</strong>!<br></div><div class="battle-history"><small>Raikou's attack missed!</small><br></div><div class="spacer battle-history"><br></div><div class="battle-history">The opposing Rich Home Ca$ed is fast asleep.<br></div><div class="spacer battle-history"><br></div><div class="battle-history"><small>The opposing Rich Home Ca$ed restored a little HP using its Leftovers!</small><br></div><div class="spacer battle-history"><br></div><h2 class="battle-history">Turn 37</h2><div class="spacer battle-history"><br></div><div class="battle-history">The opposing Rich Home Ca$ed is fast asleep.<br></div><div class="spacer battle-history"><br></div><div class="battle-history">Raikou used <strong>Roar</strong>!<br></div><div class="spacer battle-history"><br></div><div class="battle-history">VER$ACE PYTHON (<strong>Gengar</strong>) was dragged out!<br></div><div class="battle-history"><small>The opposing VER$ACE PYTHON was hurt by the spikes!</small><br></div><div class="spacer battle-history"><br></div><div class="battle-history"><small>The opposing VER$ACE PYTHON restored a little HP using its Leftovers!</small><br></div><div class="spacer battle-history"><br></div><h2 class="battle-history">Turn 38</h2><div class="chat message-error">Jimmy Turtwig has 225 seconds left.</div><div class="spacer battle-history"><br></div><div class="battle-history">Raikou used <strong>Thunder</strong>!<br></div><div class="battle-history"><small>Raikou's attack missed!</small><br></div><div class="spacer battle-history"><br></div><div class="battle-history">The opposing VER$ACE PYTHON used <strong>Dynamic Punch</strong>!<br></div><div class="battle-history"><small>The opposing VER$ACE PYTHON's attack missed!</small><br></div><div class="spacer battle-history"><br></div><div class="battle-history"><small>The opposing VER$ACE PYTHON restored a little HP using its Leftovers!</small><br></div><div class="spacer battle-history"><br></div><h2 class="battle-history">Turn 39</h2><div class="spacer battle-history"><br></div><div class="battle-history">Raikou used <strong>Thunder</strong>!<br></div><div class="battle-history"><small>(The opposing VER$ACE PYTHON lost 63% of its health!)</small><br></div><div class="spacer battle-history"><br></div><div class="battle-history">The opposing VER$ACE PYTHON used <strong>Dynamic Punch</strong>!<br></div><div class="battle-history"><small>(Raikou lost 20% of its health!)</small><br></div><div class="battle-history"><small>Raikou became confused!</small><br></div><div class="spacer battle-history"><br></div><div class="battle-history"><small>Raikou restored a little HP using its Leftovers!</small><br></div><div class="battle-history"><small>The opposing VER$ACE PYTHON restored a little HP using its Leftovers!</small><br></div><div class="spacer battle-history"><br></div><h2 class="battle-history">Turn 40</h2><div class="chat message-error">Jimmy Turtwig has 225 seconds left.</div><div class="spacer battle-history"><br></div><div class="battle-history"><small>Raikou is confused!</small><br></div><div class="battle-history">It hurt itself in its confusion!<br></div><div class="spacer battle-history"><br></div><div class="battle-history">The opposing VER$ACE PYTHON used <strong>Dynamic Punch</strong>!<br></div><div class="battle-history"><small>(Raikou lost 20% of its health!)</small><br></div><div class="spacer battle-history"><br></div><div class="battle-history"><small>Raikou restored a little HP using its Leftovers!</small><br></div><div class="battle-history"><small>The opposing VER$ACE PYTHON restored a little HP using its Leftovers!</small><br></div><div class="spacer battle-history"><br></div><h2 class="battle-history">Turn 41</h2><div class="chat message-error">Jimmy Turtwig has 225 seconds left.</div><div class="spacer battle-history"><br></div><div class="battle-history"><small>Raikou is confused!</small><br></div><div class="battle-history">Raikou used <strong>Hidden Power</strong>!<br></div><div class="battle-history"><small>(The opposing VER$ACE PYTHON lost 22% of its health!)</small><br></div><div class="spacer battle-history"><br></div><div class="battle-history">The opposing VER$ACE PYTHON used <strong>Dynamic Punch</strong>!<br></div><div class="battle-history"><small>(Raikou lost 20% of its health!)</small><br></div><div class="spacer battle-history"><br></div><div class="battle-history"><small>Raikou restored a little HP using its Leftovers!</small><br></div><div class="battle-history"><small>The opposing VER$ACE PYTHON restored a little HP using its Leftovers!</small><br></div><div class="spacer battle-history"><br></div><h2 class="battle-history">Turn 42</h2><div class="chat message-error">Jimmy Turtwig has 225 seconds left.</div><div class="spacer battle-history"><br></div><div class="battle-history">MARCOP9923 withdrew VER$ACE PYTHON!<br></div><div class="battle-history">MARCOP9923 sent out Rich Home Ca$ed (<strong>Snorlax</strong>)!<br></div><div class="battle-history"><small>The opposing Rich Home Ca$ed was hurt by the spikes!</small><br></div><div class="spacer battle-history"><br></div><div class="battle-history"><small>Raikou is confused!</small><br></div><div class="battle-history">Raikou used <strong>Hidden Power</strong>!<br></div><div class="battle-history"><small>(The opposing Rich Home Ca$ed lost 11% of its health!)</small><br></div><div class="spacer battle-history"><br></div><div class="battle-history"><small>Raikou restored a little HP using its Leftovers!</small><br></div><div class="battle-history"><small>The opposing Rich Home Ca$ed restored a little HP using its Leftovers!</small><br></div><div class="spacer battle-history"><br></div><h2 class="battle-history">Turn 43</h2><div class="chat message-error">Jimmy Turtwig has 225 seconds left.</div><div class="spacer battle-history"><br></div><div class="battle-history"><small>Raikou is confused!</small><br></div><div class="battle-history">It hurt itself in its confusion!<br></div><div class="battle-history"><small>The opposing Rich Home Ca$ed woke up!</small><br></div><div class="spacer battle-history"><br></div><div class="battle-history">The opposing Rich Home Ca$ed used <strong>Rest</strong>!<br></div><div class="battle-history"><small>The opposing Rich Home Ca$ed fell asleep!</small><br></div><div class="battle-history"><small>The opposing Rich Home Ca$ed slept and became healthy!</small><br></div><div class="spacer battle-history"><br></div><div class="battle-history"><small>Raikou restored a little HP using its Leftovers!</small><br></div><div class="spacer battle-history"><br></div><h2 class="battle-history">Turn 44</h2><div class="chat message-error">Jimmy Turtwig has 225 seconds left.</div><div class="spacer battle-history"><br></div><div class="battle-history">The opposing Rich Home Ca$ed is fast asleep.<br></div><div class="battle-history"><small>Raikou snapped out of its confusion!</small><br></div><div class="spacer battle-history"><br></div><div class="battle-history">Raikou used <strong>Roar</strong>!<br></div><div class="spacer battle-history"><br></div><div class="battle-history">VER$ACE PYTHON (<strong>Gengar</strong>) was dragged out!<br></div><div class="battle-history"><small>The opposing VER$ACE PYTHON was hurt by the spikes!</small><br></div><div class="spacer battle-history"><br></div><div class="battle-history"><small>Raikou restored a little HP using its Leftovers!</small><br></div><div class="battle-history"><small>The opposing VER$ACE PYTHON restored a little HP using its Leftovers!</small><br></div><div class="spacer battle-history"><br></div><h2 class="battle-history">Turn 45</h2><div class="spacer battle-history"><br></div><div class="battle-history">MARCOP9923 withdrew VER$ACE PYTHON!<br></div><div class="battle-history">MARCOP9923 sent out Rich Home Ca$ed (<strong>Snorlax</strong>)!<br></div><div class="battle-history"><small>The opposing Rich Home Ca$ed was hurt by the spikes!</small><br></div><div class="spacer battle-history"><br></div><div class="battle-history">Raikou used <strong>Hidden Power</strong>!<br></div><div class="battle-history"><small>(The opposing Rich Home Ca$ed lost 10% of its health!)</small><br></div><div class="spacer battle-history"><br></div><div class="battle-history"><small>Raikou restored a little HP using its Leftovers!</small><br></div><div class="battle-history"><small>The opposing Rich Home Ca$ed restored a little HP using its Leftovers!</small><br></div><div class="spacer battle-history"><br></div><h2 class="battle-history">Turn 46</h2><div class="chat chatmessage-marcop9923"><strong style="color:#2ca964"><small>☆</small><span class="username" data-name="MARCOP9923">MARCOP9923</span>:</strong> <em>wp</em></div><div class="chat chatmessage-marcop9923"><strong style="color:#2ca964"><small>☆</small><span class="username" data-name="MARCOP9923">MARCOP9923</span>:</strong> <em>nic </em></div><div class="chat chatmessage-marcop9923"><strong style="color:#2ca964"><small>☆</small><span class="username" data-name="MARCOP9923">MARCOP9923</span>:</strong> <em>e</em></div><div class="chat chatmessage-marcop9923"><strong style="color:#2ca964"><small>☆</small><span class="username" data-name="MARCOP9923">MARCOP9923</span>:</strong> <em>tar set</em></div><div class="chat message-error">Jimmy Turtwig has 225 seconds left.</div><div class="spacer battle-history"><br></div><div class="battle-history">The opposing Rich Home Ca$ed is fast asleep.<br></div><div class="spacer battle-history"><br></div><div class="battle-history">Raikou used <strong>Roar</strong>!<br></div><div class="spacer battle-history"><br></div><div class="battle-history">VER$ACE PYTHON (<strong>Gengar</strong>) was dragged out!<br></div><div class="battle-history"><small>The opposing VER$ACE PYTHON was hurt by the spikes!</small><br></div><div class="spacer battle-history"><br></div><div class="battle-history">The opposing VER$ACE PYTHON fainted!<br></div><div class="spacer battle-history"><br></div><div class="battle-history">MARCOP9923 sent out Rich Home Ca$ed (<strong>Snorlax</strong>)!<br></div><div class="battle-history"><small>The opposing Rich Home Ca$ed was hurt by the spikes!</small><br></div><div class="spacer battle-history"><br></div><div class="battle-history"><small>Raikou restored a little HP using its Leftovers!</small><br></div><div class="battle-history"><small>The opposing Rich Home Ca$ed restored a little HP using its Leftovers!</small><br></div><div class="spacer battle-history"><br></div><h2 class="battle-history">Turn 47</h2><div class="chat message-error">Jimmy Turtwig has 240 seconds left.</div><div class="spacer battle-history"><br></div><div class="battle-history">Raikou, come back!<br></div><div class="battle-history">Go! <strong>Skarmory</strong>!<br></div><div class="battle-history"><small>The opposing Rich Home Ca$ed woke up!</small><br></div><div class="spacer battle-history"><br></div><div class="battle-history">The opposing Rich Home Ca$ed used <strong>Curse</strong>!<br></div><div class="battle-history"><small>The opposing Rich Home Ca$ed's Speed fell!</small><br></div><div class="battle-history"><small>The opposing Rich Home Ca$ed's Attack rose!</small><br></div><div class="battle-history"><small>The opposing Rich Home Ca$ed's Defense rose!</small><br></div><div class="spacer battle-history"><br></div><div class="battle-history"><small>Skarmory restored a little HP using its Leftovers!</small><br></div><div class="battle-history"><small>The opposing Rich Home Ca$ed restored a little HP using its Leftovers!</small><br></div><div class="spacer battle-history"><br></div><h2 class="battle-history">Turn 48</h2><div class="spacer battle-history"><br></div><div class="battle-history">Skarmory used <strong>Curse</strong>!<br></div><div class="battle-history"><small>Skarmory's Speed fell!</small><br></div><div class="battle-history"><small>Skarmory's Attack rose!</small><br></div><div class="battle-history"><small>Skarmory's Defense rose!</small><br></div><div class="spacer battle-history"><br></div><div class="battle-history">The opposing Rich Home Ca$ed used <strong>Curse</strong>!<br></div><div class="battle-history"><small>The opposing Rich Home Ca$ed's Speed fell!</small><br></div><div class="battle-history"><small>The opposing Rich Home Ca$ed's Attack rose!</small><br></div><div class="battle-history"><small>The opposing Rich Home Ca$ed's Defense rose!</small><br></div><div class="spacer battle-history"><br></div><div class="battle-history"><small>The opposing Rich Home Ca$ed restored a little HP using its Leftovers!</small><br></div><div class="spacer battle-history"><br></div><h2 class="battle-history">Turn 49</h2><div class="spacer battle-history"><br></div><div class="battle-history">Skarmory used <strong>Curse</strong>!<br></div><div class="battle-history"><small>Skarmory's Speed fell!</small><br></div><div class="battle-history"><small>Skarmory's Attack rose!</small><br></div><div class="battle-history"><small>Skarmory's Defense rose!</small><br></div><div class="spacer battle-history"><br></div><div class="battle-history">The opposing Rich Home Ca$ed used <strong>Curse</strong>!<br></div><div class="battle-history"><small>The opposing Rich Home Ca$ed's Speed fell!</small><br></div><div class="battle-history"><small>The opposing Rich Home Ca$ed's Attack rose!</small><br></div><div class="battle-history"><small>The opposing Rich Home Ca$ed's Defense rose!</small><br></div><div class="spacer battle-history"><br></div><div class="battle-history"><small>The opposing Rich Home Ca$ed restored a little HP using its Leftovers!</small><br></div><div class="spacer battle-history"><br></div><h2 class="battle-history">Turn 50</h2><div class="spacer battle-history"><br></div><div class="battle-history">Skarmory used <strong>Curse</strong>!<br></div><div class="battle-history"><small>Skarmory's Speed fell!</small><br></div><div class="battle-history"><small>Skarmory's Attack rose!</small><br></div><div class="battle-history"><small>Skarmory's Defense rose!</small><br></div><div class="spacer battle-history"><br></div><div class="battle-history">The opposing Rich Home Ca$ed used <strong>Curse</strong>!<br></div><div class="battle-history"><small>The opposing Rich Home Ca$ed's Speed fell!</small><br></div><div class="battle-history"><small>The opposing Rich Home Ca$ed's Attack rose!</small><br></div><div class="battle-history"><small>The opposing Rich Home Ca$ed's Defense rose!</small><br></div><div class="spacer battle-history"><br></div><div class="battle-history"><small>The opposing Rich Home Ca$ed restored a little HP using its Leftovers!</small><br></div><div class="spacer battle-history"><br></div><h2 class="battle-history">Turn 51</h2><div class="spacer battle-history"><br></div><div class="battle-history">Skarmory used <strong>Curse</strong>!<br></div><div class="battle-history"><small>Skarmory's Speed fell!</small><br></div><div class="battle-history"><small>Skarmory's Attack rose!</small><br></div><div class="battle-history"><small>Skarmory's Defense rose!</small><br></div><div class="spacer battle-history"><br></div><div class="battle-history">The opposing Rich Home Ca$ed used <strong>Curse</strong>!<br></div><div class="battle-history"><small>The opposing Rich Home Ca$ed's Speed fell!</small><br></div><div class="battle-history"><small>The opposing Rich Home Ca$ed's Attack rose!</small><br></div><div class="battle-history"><small>The opposing Rich Home Ca$ed's Defense rose!</small><br></div><div class="spacer battle-history"><br></div><h2 class="battle-history">Turn 52</h2><div class="spacer battle-history"><br></div><div class="battle-history">Skarmory used <strong>Curse</strong>!<br></div><div class="battle-history"><small>Skarmory's Speed fell!</small><br></div><div class="battle-history"><small>Skarmory's Attack rose!</small><br></div><div class="battle-history"><small>Skarmory's Defense rose!</small><br></div><div class="spacer battle-history"><br></div><div class="battle-history">The opposing Rich Home Ca$ed used <strong>Fire Blast</strong>!<br></div><div class="battle-history"><small>It's super effective!</small><br></div><div class="battle-history"><small>(Skarmory lost 55% of its health!)</small><br></div><div class="spacer battle-history"><br></div><div class="battle-history"><small>Skarmory restored a little HP using its Leftovers!</small><br></div><div class="spacer battle-history"><br></div><h2 class="battle-history">Turn 53</h2><div class="chat chatmessage-jimmyturtwig"><strong style="color:#9945d2"><small>☆</small><span class="username" data-name="Jimmy Turtwig">Jimmy Turtwig</span>:</strong> <em>oh this again</em></div><div class="chat message-error">Jimmy Turtwig has 285 seconds left.</div><div class="spacer battle-history"><br></div><div class="battle-history">Skarmory used <strong>Rest</strong>!<br></div><div class="battle-history"><small>Skarmory fell asleep!</small><br></div><div class="battle-history"><small>Skarmory slept and became healthy!</small><br></div><div class="spacer battle-history"><br></div><div class="battle-history">The opposing Rich Home Ca$ed used <strong>Curse</strong>!<br></div><div class="battle-history"><small>The opposing Rich Home Ca$ed's Speed fell!</small><br></div><div class="battle-history"><small>The opposing Rich Home Ca$ed's Attack rose!</small><br></div><div class="battle-history"><small>The opposing Rich Home Ca$ed's Defense rose!</small><br></div><div class="spacer battle-history"><br></div><h2 class="battle-history">Turn 54</h2><div class="spacer battle-history"><br></div><div class="battle-history">Skarmory is fast asleep.<br></div><div class="spacer battle-history"><br></div><div class="battle-history">The opposing Rich Home Ca$ed used <strong>Fire Blast</strong>!<br></div><div class="battle-history"><small>The opposing Rich Home Ca$ed's attack missed!</small><br></div><div class="spacer battle-history"><br></div><h2 class="battle-history">Turn 55</h2><div class="spacer battle-history"><br></div><div class="battle-history">Skarmory is fast asleep.<br></div><div class="spacer battle-history"><br></div><div class="battle-history">The opposing Rich Home Ca$ed used <strong>Fire Blast</strong>!<br></div><div class="battle-history"><small>It's super effective!</small><br></div><div class="battle-history"><small>(Skarmory lost 54% of its health!)</small><br></div><div class="spacer battle-history"><br></div><div class="battle-history"><small>Skarmory restored a little HP using its Leftovers!</small><br></div><div class="spacer battle-history"><br></div><h2 class="battle-history">Turn 56</h2><div class="spacer battle-history"><br></div><div class="battle-history"><small>Skarmory woke up!</small><br></div><div class="spacer battle-history"><br></div><div class="battle-history">Skarmory used <strong>Drill Peck</strong>!<br></div><div class="battle-history"><small>(The opposing Rich Home Ca$ed lost 18% of its health!)</small><br></div><div class="spacer battle-history"><br></div><div class="battle-history">The opposing Rich Home Ca$ed used <strong>Fire Blast</strong>!<br></div><div class="battle-history"><small>It's super effective!</small><br></div><div class="battle-history"><small>(Skarmory lost 51% of its health!)</small><br></div><div class="spacer battle-history"><br></div><div class="battle-history"><small>Skarmory restored a little HP using its Leftovers!</small><br></div><div class="battle-history"><small>The opposing Rich Home Ca$ed restored a little HP using its Leftovers!</small><br></div><div class="spacer battle-history"><br></div><h2 class="battle-history">Turn 57</h2><div class="spacer battle-history"><br></div><div class="battle-history">Skarmory used <strong>Rest</strong>!<br></div><div class="battle-history"><small>Skarmory fell asleep!</small><br></div><div class="battle-history"><small>Skarmory slept and became healthy!</small><br></div><div class="spacer battle-history"><br></div><div class="battle-history">The opposing Rich Home Ca$ed used <strong>Double-Edge</strong>!<br></div><div class="battle-history"><small>It's not very effective...</small><br></div><div class="battle-history"><small>(Skarmory lost 21% of its health!)</small><br></div><div class="battle-history"><small>The opposing Rich Home Ca$ed was damaged by the recoil!</small><br></div><div class="spacer battle-history"><br></div><div class="battle-history"><small>Skarmory restored a little HP using its Leftovers!</small><br></div><div class="battle-history"><small>The opposing Rich Home Ca$ed restored a little HP using its Leftovers!</small><br></div><div class="spacer battle-history"><br></div><h2 class="battle-history">Turn 58</h2><div class="spacer battle-history"><br></div><div class="battle-history">Skarmory is fast asleep.<br></div><div class="spacer battle-history"><br></div><div class="battle-history">The opposing Rich Home Ca$ed used <strong>Fire Blast</strong>!<br></div><div class="battle-history"><small>The opposing Rich Home Ca$ed's attack missed!</small><br></div><div class="spacer battle-history"><br></div><div class="battle-history"><small>Skarmory restored a little HP using its Leftovers!</small><br></div><div class="battle-history"><small>The opposing Rich Home Ca$ed restored a little HP using its Leftovers!</small><br></div><div class="spacer battle-history"><br></div><h2 class="battle-history">Turn 59</h2><div class="spacer battle-history"><br></div><div class="battle-history">Skarmory is fast asleep.<br></div><div class="spacer battle-history"><br></div><div class="battle-history">The opposing Rich Home Ca$ed used <strong>Fire Blast</strong>!<br></div><div class="battle-history"><small>The opposing Rich Home Ca$ed's attack missed!</small><br></div><div class="spacer battle-history"><br></div><div class="battle-history"><small>Skarmory restored a little HP using its Leftovers!</small><br></div><div class="battle-history"><small>The opposing Rich Home Ca$ed restored a little HP using its Leftovers!</small><br></div><div class="spacer battle-history"><br></div><h2 class="battle-history">Turn 60</h2><div class="spacer battle-history"><br></div><div class="battle-history"><small>Skarmory woke up!</small><br></div><div class="spacer battle-history"><br></div><div class="battle-history">Skarmory used <strong>Drill Peck</strong>!<br></div><div class="battle-history"><small>(The opposing Rich Home Ca$ed lost 17% of its health!)</small><br></div><div class="spacer battle-history"><br></div><div class="battle-history">The opposing Rich Home Ca$ed used <strong>Fire Blast</strong>!<br></div><div class="battle-history"><small>It's super effective!</small><br></div><div class="battle-history"><small>(Skarmory lost 58% of its health!)</small><br></div><div class="spacer battle-history"><br></div><div class="battle-history"><small>Skarmory restored a little HP using its Leftovers!</small><br></div><div class="battle-history"><small>The opposing Rich Home Ca$ed restored a little HP using its Leftovers!</small><br></div><div class="spacer battle-history"><br></div><h2 class="battle-history">Turn 61</h2><div class="chat chatmessage-marcop9923"><strong style="color:#2ca964"><small>☆</small><span class="username" data-name="MARCOP9923">MARCOP9923</span>:</strong> <em>man</em></div><div class="spacer battle-history"><br></div><div class="battle-history">Skarmory used <strong>Rest</strong>!<br></div><div class="battle-history"><small>Skarmory fell asleep!</small><br></div><div class="battle-history"><small>Skarmory slept and became healthy!</small><br></div><div class="spacer battle-history"><br></div><div class="battle-history">The opposing Rich Home Ca$ed used <strong>Double-Edge</strong>!<br></div><div class="battle-history"><small>It's not very effective...</small><br></div><div class="battle-history"><small>(Skarmory lost 21% of its health!)</small><br></div><div class="battle-history"><small>The opposing Rich Home Ca$ed was damaged by the recoil!</small><br></div><div class="spacer battle-history"><br></div><div class="battle-history"><small>Skarmory restored a little HP using its Leftovers!</small><br></div><div class="battle-history"><small>The opposing Rich Home Ca$ed restored a little HP using its Leftovers!</small><br></div><div class="spacer battle-history"><br></div><h2 class="battle-history">Turn 62</h2><div class="chat chatmessage-jimmyturtwig"><strong style="color:#9945d2"><small>☆</small><span class="username" data-name="Jimmy Turtwig">Jimmy Turtwig</span>:</strong> <em>ttar is curse rslide surf rest</em></div><div class="chat chatmessage-jimmyturtwig"><strong style="color:#9945d2"><small>☆</small><span class="username" data-name="Jimmy Turtwig">Jimmy Turtwig</span>:</strong> <em>if it makes you feel better</em></div><div class="chat chatmessage-marcop9923"><strong style="color:#2ca964"><small>☆</small><span class="username" data-name="MARCOP9923">MARCOP9923</span>:</strong> <em>and ill crit</em></div><div class="chat chatmessage-marcop9923"><strong style="color:#2ca964"><small>☆</small><span class="username" data-name="MARCOP9923">MARCOP9923</span>:</strong> <em>ur tar</em></div><div class="chat message-error">Jimmy Turtwig has 285 seconds left.</div><div class="chat chatmessage-jimmyturtwig"><strong style="color:#9945d2"><small>☆</small><span class="username" data-name="Jimmy Turtwig">Jimmy Turtwig</span>:</strong> <em>it lives :(</em></div><div class="spacer battle-history"><br></div><div class="battle-history">Skarmory is fast asleep.<br></div><div class="spacer battle-history"><br></div><div class="battle-history">The opposing Rich Home Ca$ed used <strong>Double-Edge</strong>!<br></div><div class="battle-history"><small>It's not very effective...</small><br></div><div class="battle-history"><small>(Skarmory lost 20% of its health!)</small><br></div><div class="battle-history"><small>The opposing Rich Home Ca$ed was damaged by the recoil!</small><br></div><div class="spacer battle-history"><br></div><div class="battle-history"><small>Skarmory restored a little HP using its Leftovers!</small><br></div><div class="battle-history"><small>The opposing Rich Home Ca$ed restored a little HP using its Leftovers!</small><br></div><div class="spacer battle-history"><br></div><h2 class="battle-history">Turn 63</h2><div class="chat chatmessage-marcop9923"><strong style="color:#2ca964"><small>☆</small><span class="username" data-name="MARCOP9923">MARCOP9923</span>:</strong> <em>whatever</em></div><div class="spacer battle-history"><br></div><div class="battle-history">Skarmory is fast asleep.<br></div><div class="spacer battle-history"><br></div><div class="battle-history">The opposing Rich Home Ca$ed used <strong>Double-Edge</strong>!<br></div><div class="battle-history"><small>It's not very effective...</small><br></div><div class="battle-history"><small>(Skarmory lost 19% of its health!)</small><br></div><div class="battle-history"><small>The opposing Rich Home Ca$ed was damaged by the recoil!</small><br></div><div class="spacer battle-history"><br></div><div class="battle-history"><small>Skarmory restored a little HP using its Leftovers!</small><br></div><div class="battle-history"><small>The opposing Rich Home Ca$ed restored a little HP using its Leftovers!</small><br></div><div class="spacer battle-history"><br></div><h2 class="battle-history">Turn 64</h2><div class="spacer battle-history"><br></div><div class="battle-history"><small>Skarmory woke up!</small><br></div><div class="spacer battle-history"><br></div><div class="battle-history">Skarmory used <strong>Rest</strong>!<br></div><div class="battle-history"><small>Skarmory fell asleep!</small><br></div><div class="battle-history"><small>Skarmory slept and became healthy!</small><br></div><div class="spacer battle-history"><br></div><div class="battle-history">The opposing Rich Home Ca$ed used <strong>Double-Edge</strong>!<br></div><div class="battle-history"><small>It's not very effective...</small><br></div><div class="battle-history"><small>(Skarmory lost 19% of its health!)</small><br></div><div class="battle-history"><small>The opposing Rich Home Ca$ed was damaged by the recoil!</small><br></div><div class="spacer battle-history"><br></div><div class="battle-history"><small>Skarmory restored a little HP using its Leftovers!</small><br></div><div class="battle-history"><small>The opposing Rich Home Ca$ed restored a little HP using its Leftovers!</small><br></div><div class="spacer battle-history"><br></div><h2 class="battle-history">Turn 65</h2><div class="spacer battle-history"><br></div><div class="battle-history">Skarmory is fast asleep.<br></div><div class="spacer battle-history"><br></div><div class="battle-history">The opposing Rich Home Ca$ed used <strong>Double-Edge</strong>!<br></div><div class="battle-history"><small>It's not very effective...</small><br></div><div class="battle-history"><small>(Skarmory lost 21% of its health!)</small><br></div><div class="battle-history"><small>The opposing Rich Home Ca$ed was damaged by the recoil!</small><br></div><div class="spacer battle-history"><br></div><div class="battle-history"><small>Skarmory restored a little HP using its Leftovers!</small><br></div><div class="battle-history"><small>The opposing Rich Home Ca$ed restored a little HP using its Leftovers!</small><br></div><div class="spacer battle-history"><br></div><h2 class="battle-history">Turn 66</h2><div class="chat message-error">Jimmy Turtwig has 285 seconds left.</div><div class="spacer battle-history"><br></div><div class="battle-history">Skarmory is fast asleep.<br></div><div class="spacer battle-history"><br></div><div class="battle-history">The opposing Rich Home Ca$ed used <strong>Double-Edge</strong>!<br></div><div class="battle-history"><small>It's not very effective...</small><br></div><div class="battle-history"><small>(Skarmory lost 20% of its health!)</small><br></div><div class="battle-history"><small>The opposing Rich Home Ca$ed was damaged by the recoil!</small><br></div><div class="spacer battle-history"><br></div><div class="battle-history"><small>Skarmory restored a little HP using its Leftovers!</small><br></div><div class="battle-history"><small>The opposing Rich Home Ca$ed restored a little HP using its Leftovers!</small><br></div><div class="spacer battle-history"><br></div><h2 class="battle-history">Turn 67</h2><div class="spacer battle-history"><br></div><div class="battle-history"><small>Skarmory woke up!</small><br></div><div class="spacer battle-history"><br></div><div class="battle-history">Skarmory used <strong>Rest</strong>!<br></div><div class="battle-history"><small>Skarmory fell asleep!</small><br></div><div class="battle-history"><small>Skarmory slept and became healthy!</small><br></div><div class="spacer battle-history"><br></div><div class="battle-history">The opposing Rich Home Ca$ed used <strong>Double-Edge</strong>!<br></div><div class="battle-history"><small>It's not very effective...</small><br></div><div class="battle-history"><small>(Skarmory lost 22% of its health!)</small><br></div><div class="battle-history"><small>The opposing Rich Home Ca$ed was damaged by the recoil!</small><br></div><div class="spacer battle-history"><br></div><div class="battle-history"><small>Skarmory restored a little HP using its Leftovers!</small><br></div><div class="battle-history"><small>The opposing Rich Home Ca$ed restored a little HP using its Leftovers!</small><br></div><div class="spacer battle-history"><br></div><h2 class="battle-history">Turn 68</h2><div class="spacer battle-history"><br></div><div class="battle-history">Skarmory is fast asleep.<br></div><div class="spacer battle-history"><br></div><div class="battle-history">The opposing Rich Home Ca$ed used <strong>Double-Edge</strong>!<br></div><div class="battle-history"><small>It's not very effective...</small><br></div><div class="battle-history"><small>(Skarmory lost 21% of its health!)</small><br></div><div class="battle-history"><small>The opposing Rich Home Ca$ed was damaged by the recoil!</small><br></div><div class="spacer battle-history"><br></div><div class="battle-history"><small>Skarmory restored a little HP using its Leftovers!</small><br></div><div class="battle-history"><small>The opposing Rich Home Ca$ed restored a little HP using its Leftovers!</small><br></div><div class="spacer battle-history"><br></div><h2 class="battle-history">Turn 69</h2><div class="spacer battle-history"><br></div><div class="battle-history">Skarmory is fast asleep.<br></div><div class="spacer battle-history"><br></div><div class="battle-history">The opposing Rich Home Ca$ed used <strong>Double-Edge</strong>!<br></div><div class="battle-history"><small>It's not very effective...</small><br></div><div class="battle-history"><small>(Skarmory lost 20% of its health!)</small><br></div><div class="battle-history"><small>The opposing Rich Home Ca$ed was damaged by the recoil!</small><br></div><div class="spacer battle-history"><br></div><div class="battle-history"><small>Skarmory restored a little HP using its Leftovers!</small><br></div><div class="battle-history"><small>The opposing Rich Home Ca$ed restored a little HP using its Leftovers!</small><br></div><div class="spacer battle-history"><br></div><h2 class="battle-history">Turn 70</h2><div class="spacer battle-history"><br></div><div class="battle-history"><small>Skarmory woke up!</small><br></div><div class="spacer battle-history"><br></div><div class="battle-history">Skarmory used <strong>Rest</strong>!<br></div><div class="battle-history"><small>Skarmory fell asleep!</small><br></div><div class="battle-history"><small>Skarmory slept and became healthy!</small><br></div><div class="spacer battle-history"><br></div><div class="battle-history">The opposing Rich Home Ca$ed used <strong>Double-Edge</strong>!<br></div><div class="battle-history"><small>It's not very effective...</small><br></div><div class="battle-history"><small>(Skarmory lost 19% of its health!)</small><br></div><div class="battle-history"><small>The opposing Rich Home Ca$ed was damaged by the recoil!</small><br></div><div class="spacer battle-history"><br></div><div class="battle-history"><small>Skarmory restored a little HP using its Leftovers!</small><br></div><div class="battle-history"><small>The opposing Rich Home Ca$ed restored a little HP using its Leftovers!</small><br></div><div class="spacer battle-history"><br></div><h2 class="battle-history">Turn 71</h2><div class="spacer battle-history"><br></div><div class="battle-history">Skarmory is fast asleep.<br></div><div class="spacer battle-history"><br></div><div class="battle-history">The opposing Rich Home Ca$ed used <strong>Double-Edge</strong>!<br></div><div class="battle-history"><small>It's not very effective...</small><br></div><div class="battle-history"><small>(Skarmory lost 20% of its health!)</small><br></div><div class="battle-history"><small>The opposing Rich Home Ca$ed was damaged by the recoil!</small><br></div><div class="spacer battle-history"><br></div><div class="battle-history"><small>Skarmory restored a little HP using its Leftovers!</small><br></div><div class="battle-history"><small>The opposing Rich Home Ca$ed restored a little HP using its Leftovers!</small><br></div><div class="spacer battle-history"><br></div><h2 class="battle-history">Turn 72</h2><div class="spacer battle-history"><br></div><div class="battle-history">Skarmory is fast asleep.<br></div><div class="spacer battle-history"><br></div><div class="battle-history">The opposing Rich Home Ca$ed used <strong>Double-Edge</strong>!<br></div><div class="battle-history"><small>A critical hit!</small><br></div><div class="battle-history"><small>It's not very effective...</small><br></div><div class="battle-history"><small>(Skarmory lost 42% of its health!)</small><br></div><div class="battle-history"><small>The opposing Rich Home Ca$ed was damaged by the recoil!</small><br></div><div class="spacer battle-history"><br></div><div class="battle-history"><small>Skarmory restored a little HP using its Leftovers!</small><br></div><div class="battle-history"><small>The opposing Rich Home Ca$ed restored a little HP using its Leftovers!</small><br></div><div class="spacer battle-history"><br></div><h2 class="battle-history">Turn 73</h2><div class="chat chatmessage-marcop9923"><strong style="color:#2ca964"><small>☆</small><span class="username" data-name="MARCOP9923">MARCOP9923</span>:</strong> <em>not</em></div><div class="chat chatmessage-marcop9923"><strong style="color:#2ca964"><small>☆</small><span class="username" data-name="MARCOP9923">MARCOP9923</span>:</strong> <em>there</em></div><div class="chat chatmessage-marcop9923"><strong style="color:#2ca964"><small>☆</small><span class="username" data-name="MARCOP9923">MARCOP9923</span>:</strong> <em>;-;</em></div><div class="spacer battle-history"><br></div><div class="battle-history"><small>Skarmory woke up!</small><br></div><div class="spacer battle-history"><br></div><div class="battle-history">Skarmory used <strong>Rest</strong>!<br></div><div class="battle-history"><small>Skarmory fell asleep!</small><br></div><div class="battle-history"><small>Skarmory slept and became healthy!</small><br></div><div class="spacer battle-history"><br></div><div class="battle-history">The opposing Rich Home Ca$ed used <strong>Double-Edge</strong>!<br></div><div class="battle-history"><small>It's not very effective...</small><br></div><div class="battle-history"><small>(Skarmory lost 22% of its health!)</small><br></div><div class="battle-history"><small>The opposing Rich Home Ca$ed was damaged by the recoil!</small><br></div><div class="spacer battle-history"><br></div><div class="battle-history"><small>Skarmory restored a little HP using its Leftovers!</small><br></div><div class="battle-history"><small>The opposing Rich Home Ca$ed restored a little HP using its Leftovers!</small><br></div><div class="spacer battle-history"><br></div><h2 class="battle-history">Turn 74</h2><div class="spacer battle-history"><br></div><div class="battle-history">Skarmory is fast asleep.<br></div><div class="spacer battle-history"><br></div><div class="battle-history">The opposing Rich Home Ca$ed used <strong>Fire Blast</strong>!<br></div><div class="battle-history"><small>It's super effective!</small><br></div><div class="battle-history"><small>(Skarmory lost 57% of its health!)</small><br></div><div class="spacer battle-history"><br></div><div class="battle-history"><small>Skarmory restored a little HP using its Leftovers!</small><br></div><div class="spacer battle-history"><br></div><h2 class="battle-history">Turn 75</h2><div class="spacer battle-history"><br></div><div class="battle-history">Skarmory is fast asleep.<br></div><div class="spacer battle-history"><br></div><div class="battle-history">The opposing Rich Home Ca$ed used <strong>Double-Edge</strong>!<br></div><div class="battle-history"><small>It's not very effective...</small><br></div><div class="battle-history"><small>(Skarmory lost 22% of its health!)</small><br></div><div class="battle-history"><small>The opposing Rich Home Ca$ed was damaged by the recoil!</small><br></div><div class="spacer battle-history"><br></div><div class="battle-history"><small>Skarmory restored a little HP using its Leftovers!</small><br></div><div class="battle-history"><small>The opposing Rich Home Ca$ed restored a little HP using its Leftovers!</small><br></div><div class="spacer battle-history"><br></div><h2 class="battle-history">Turn 76</h2><div class="chat chatmessage-marcop9923"><strong style="color:#2ca964"><small>☆</small><span class="username" data-name="MARCOP9923">MARCOP9923</span>:</strong> <em>gg</em></div><div class="chat chatmessage-jimmyturtwig"><strong style="color:#9945d2"><small>☆</small><span class="username" data-name="Jimmy Turtwig">Jimmy Turtwig</span>:</strong> <em>gg</em></div><div class="spacer battle-history"><br></div><div class="battle-history"><small>Skarmory woke up!</small><br></div><div class="spacer battle-history"><br></div><div class="battle-history">Skarmory used <strong>Rest</strong>!<br></div><div class="battle-history"><small>Skarmory fell asleep!</small><br></div><div class="battle-history"><small>Skarmory slept and became healthy!</small><br></div><div class="spacer battle-history"><br></div><div class="battle-history">The opposing Rich Home Ca$ed used <strong>Double-Edge</strong>!<br></div><div class="battle-history"><small>It's not very effective...</small><br></div><div class="battle-history"><small>(Skarmory lost 21% of its health!)</small><br></div><div class="battle-history"><small>The opposing Rich Home Ca$ed was damaged by the recoil!</small><br></div><div class="spacer battle-history"><br></div><div class="battle-history"><small>Skarmory restored a little HP using its Leftovers!</small><br></div><div class="battle-history"><small>The opposing Rich Home Ca$ed restored a little HP using its Leftovers!</small><br></div><div class="spacer battle-history"><br></div><h2 class="battle-history">Turn 77</h2><div class="chat message-error">MARCOP9923 has 285 seconds left.</div><div class="spacer battle-history"><br></div><div class="battle-history">Skarmory is fast asleep.<br></div><div class="spacer battle-history"><br></div><div class="battle-history">The opposing Rich Home Ca$ed used <strong>Double-Edge</strong>!<br></div><div class="battle-history"><small>It's not very effective...</small><br></div><div class="battle-history"><small>(Skarmory lost 22% of its health!)</small><br></div><div class="battle-history"><small>The opposing Rich Home Ca$ed was damaged by the recoil!</small><br></div><div class="spacer battle-history"><br></div><div class="battle-history"><small>Skarmory restored a little HP using its Leftovers!</small><br></div><div class="battle-history"><small>The opposing Rich Home Ca$ed restored a little HP using its Leftovers!</small><br></div><div class="spacer battle-history"><br></div><h2 class="battle-history">Turn 78</h2><div class="chat message-error">MARCOP9923 has 285 seconds left.</div><div class="chat message-error">MARCOP9923 has 270 seconds left.</div><div class="chat chatmessage-marcop9923"><strong style="color:#2ca964"><small>☆</small><span class="username" data-name="MARCOP9923">MARCOP9923</span>:</strong> <em>hmm</em></div><div class="chat chatmessage-marcop9923"><strong style="color:#2ca964"><small>☆</small><span class="username" data-name="MARCOP9923">MARCOP9923</span>:</strong> <em>nice</em></div><div class="spacer battle-history"><br></div><div class="battle-history">Skarmory is fast asleep.<br></div><div class="spacer battle-history"><br></div><div class="battle-history">The opposing Rich Home Ca$ed used <strong>Double-Edge</strong>!<br></div><div class="battle-history"><small>It's not very effective...</small><br></div><div class="battle-history"><small>(Skarmory lost 20% of its health!)</small><br></div><div class="battle-history"><small>The opposing Rich Home Ca$ed was damaged by the recoil!</small><br></div><div class="spacer battle-history"><br></div><div class="battle-history"><small>Skarmory restored a little HP using its Leftovers!</small><br></div><div class="battle-history"><small>The opposing Rich Home Ca$ed restored a little HP using its Leftovers!</small><br></div><div class="spacer battle-history"><br></div><h2 class="battle-history">Turn 79</h2><div class="spacer battle-history"><br></div><div class="battle-history"><small>MARCOP9923 forfeited.</small><br></div><div class="spacer battle-history"><br></div><div class="battle-history"><strong>Jimmy Turtwig</strong> won the battle!<br></div></div><div class="inner-preempt"></div></div></div>
</div>
<script>
let daily = Math.floor(Date.now()/1000/60/60/24);document.write('<script src="https://play.pokemonshowdown.com/js/replay-embed.js?version'+daily+'"></'+'script>');
</script>
