<!DOCTYPE html>
<meta charset="utf-8" />
<!-- version 1 -->
<title>[Gen 2] OU replay: Roro vs. Mr.378</title>
<style>
html,body {font-family:Verdana, sans-serif;font-size:10pt;margin:0;padding:0;}body{padding:12px 0;} .battle-log {font-family:Verdana, sans-serif;font-size:10pt;} .battle-log-inline {border:1px solid #AAAAAA;background:#EEF2F5;color:black;max-width:640px;margin:0 auto 80px;padding-bottom:5px;} .battle-log .inner {padding:4px 8px 0px 8px;} .battle-log .inner-preempt {padding:0 8px 4px 8px;} .battle-log .inner-after {margin-top:0.5em;} .battle-log h2 {margin:0.5em -8px;padding:4px 8px;border:1px solid #AAAAAA;background:#E0E7EA;border-left:0;border-right:0;font-family:Verdana, sans-serif;font-size:13pt;} .battle-log .chat {vertical-align:middle;padding:3px 0 3px 0;font-size:8pt;} .battle-log .chat strong {color:#40576A;} .battle-log .chat em {padding:1px 4px 1px 3px;color:#000000;font-style:normal;} .chat.mine {background:rgba(0,0,0,0.05);margin-left:-8px;margin-right:-8px;padding-left:8px;padding-right:8px;} .spoiler {color:#BBBBBB;background:#BBBBBB;padding:0px 3px;} .spoiler:hover, .spoiler:active, .spoiler-shown {color:#000000;background:#E2E2E2;padding:0px 3px;} .spoiler a {color:#BBBBBB;} .spoiler:hover a, .spoiler:active a, .spoiler-shown a {color:#2288CC;} .chat code, .chat .spoiler:hover code, .chat .spoiler:active code, .chat .spoiler-shown code {border:1px solid #C0C0C0;background:#EEEEEE;color:black;padding:0 2px;} .chat .spoiler code {border:1px solid #CCCCCC;background:#CCCCCC;color:#CCCCCC;} .battle-log .rated {padding:3px 4px;} .battle-log .rated strong {color:white;background:#89A;padding:1px 4px;border-radius:4px;} .spacer {margin-top:0.5em;} .message-announce {background:#6688AA;color:white;padding:1px 4px 2px;} .message-announce a, .broadcast-green a, .broadcast-blue a, .broadcast-red a {color:#DDEEFF;} .broadcast-green {background-color:#559955;color:white;padding:2px 4px;} .broadcast-blue {background-color:#6688AA;color:white;padding:2px 4px;} .infobox {border:1px solid #6688AA;padding:2px 4px;} .infobox-limited {max-height:200px;overflow:auto;overflow-x:hidden;} .broadcast-red {background-color:#AA5544;color:white;padding:2px 4px;} .message-learn-canlearn {font-weight:bold;color:#228822;text-decoration:underline;} .message-learn-cannotlearn {font-weight:bold;color:#CC2222;text-decoration:underline;} .message-effect-weak {font-weight:bold;color:#CC2222;} .message-effect-resist {font-weight:bold;color:#6688AA;} .message-effect-immune {font-weight:bold;color:#666666;} .message-learn-list {margin-top:0;margin-bottom:0;} .message-throttle-notice, .message-error {color:#992222;} .message-overflow, .chat small.message-overflow {font-size:0pt;} .message-overflow::before {font-size:9pt;content:'...';} .subtle {color:#3A4A66;}
</style>
<div class="wrapper replay-wrapper" style="max-width:1180px;margin:0 auto">
<input type="hidden" name="replayid" value="smogtours-gen2ou-257604" />
<div class="battle"></div><div class="battle-log"></div><div class="replay-controls"></div><div class="replay-controls-2"></div>
<h1 style="font-weight:normal;text-align:center"><strong>[Gen 2] OU</strong><br /><a href="http://pokemonshowdown.com/users/roro" class="subtle" target="_blank">Roro</a> vs. <a href="http://pokemonshowdown.com/users/mr378" class="subtle" target="_blank">Mr.378</a></h1>
<script type="text/plain" class="battle-log-data">|inactive|Battle timer is ON: inactive players will automatically lose when time's up.
|J|Roro
|J|Mr.378
|player|p1|Roro|226
|player|p2|Mr.378|238
|gametype|singles
|gen|2
|tier|[Gen 2] OU
|seed|1771,60736,18023,26973
|rule|Sleep Clause Mod: Limit one foe put to sleep
|rule|Species Clause: Limit one of each Pokémon
|rule|OHKO Clause: OHKO moves are banned
|rule|Evasion Moves Clause: Evasion moves are banned
|rule|HP Percentage Mod: HP is shown in percentages
|
|start
|switch|p1a: king's palace|Nidoking, M|365\/365
|switch|p2a: Exeggutor|Exeggutor, M|393\/393
|turn|1
|J|ABR
|J|Jirachee
|J|miltankmilk
|J|obii ☁
|J|Fireburn
|J|habajiga
|J|bro fist
|J|OP
|J|Seeergi
|J|lightninging
|J|boudouche
|c|★Mr.378|hf
|J|craing
|J|tamahome
|J|Century Express
|J|Dread Arceus
|J|la cienega
|J|Freeroamer
|raw|<div class="broadcast-red"><b>Moderated chat was set to %!<\/b><br \/>Only users of rank % and higher can talk.<\/div>
|J|Mr. Aldo
|J|hamhamhamham
|J|choolio iglesias
|J|Vai Lusa
|L|lightninging
|J|utriut
|J|urban
|J|TheThorn
|J|Ojama
|J|GOAO
|J|xtra
|L|utriut
|J|Gunner Rohan
|J|p2
|J|Bouff
|J|blunderr
|c|&Jirachee|2 gods OMFG
|J|WECAMEASROMANS
|L|xtra
|J|Lef♱iez.*
|J|Axel10★★★
|J|Updated Kanto
|choice|switch 2|switch 2
|
|switch|p1a: powervolt|Zapdos|383\/383
|switch|p2a: Zapdos|Zapdos|383\/383
|
|upkeep
|turn|2
|J|Finchinator
|J|utriut
|L|utriut
|L|Vai Lusa
|J|123bakery
|choice|move thunder|switch 3
|
|switch|p2a: Snorlax|Snorlax, M|523\/523
|move|p1a: powervolt|Thunder|p2a: Snorlax
|-damage|p2a: Snorlax|360\/523
|
|-heal|p2a: Snorlax|392\/523|[from] item: Leftovers
|upkeep
|turn|3
|J|TDK
|J|lightninging
|J|rozes
|L|Axel10★★★
|J|Lacus Clyne
|J|Zamrock
|J|Strealet❄
|J|jvl101993
|choice|switch 3|move bodyslam
|
|switch|p1a: exoskeleton|Cloyster, M|303\/303
|move|p2a: Snorlax|Body Slam|p1a: exoskeleton
|-damage|p1a: exoskeleton|230\/303
|
|-heal|p1a: exoskeleton|248\/303|[from] item: Leftovers
|-heal|p2a: Snorlax|424\/523|[from] item: Leftovers
|upkeep
|turn|4
|J|Axel10★★★
|J|flcl
|L|Zamrock
|choice|move spikes|switch 3
|
|switch|p2a: Zapdos|Zapdos|383\/383
|move|p1a: exoskeleton|Spikes|p2a: Zapdos
|-sidestart|p2: Mr.378|Spikes
|
|-heal|p1a: exoskeleton|266\/303|[from] item: Leftovers
|upkeep
|turn|5
|choice|switch 2|move thunder
|
|switch|p1a: king's palace|Nidoking, M|365\/365
|move|p2a: Zapdos|Thunder|p1a: king's palace
|-immune|p1a: king's palace|[msg]
|
|upkeep
|turn|6
|choice|move icebeam|move hiddenpower
|
|move|p2a: Zapdos|Hidden Power|p1a: king's palace
|-supereffective|p1a: king's palace
|-damage|p1a: king's palace|210\/365
|move|p1a: king's palace|Ice Beam|p2a: Zapdos
|-supereffective|p2a: Zapdos
|-damage|p2a: Zapdos|248\/383
|
|-heal|p2a: Zapdos|271\/383|[from] item: Leftovers
|-heal|p1a: king's palace|232\/365|[from] item: Leftovers
|upkeep
|turn|7
|J|Logic
|J|johhhn wayyyne
|J|soulgazer
|J|Ninjacalibur
|choice|move counter|move hiddenpower
|
|move|p2a: Zapdos|Hidden Power|p1a: king's palace
|-supereffective|p1a: king's palace
|-damage|p1a: king's palace|85\/365
|move|p1a: king's palace|Counter|p2a: Zapdos
|-damage|p2a: Zapdos|0 fnt
|faint|p2a: Zapdos
|J|B KC
|J|meatDEALER
|J|Finding True Love
|J|Rampecker
|J|marcop9923
|J|kratosmana
|J|Jimmy Turtwig
|c|%kratosmana|ROROOOO
|J|madoka腐化
|J|liberty32
|J|decent black
|J|Karppi
|J|AriiStella
|J|ict
|J|Pleasure
|J|Vai Lusa
|J|DestinyUnknown
|J|dragonuser
|J|We Three Kings
|J|utriut
|J|The Idiot Ninja
|J|dice
|choice||switch 5
|
|switch|p2a: Gengar|Gengar, M|323\/323
|-damage|p2a: Gengar|283\/323|[from] Spikes
|
|-heal|p1a: king's palace|107\/365|[from] item: Leftovers
|upkeep
|turn|8
|J|r0ady
|J|Pearl ☆_◕
|L|utriut
|J|soviet
|choice|switch 5|move icepunch
|
|switch|p1a: superstitious|Snorlax, M|523\/523
|move|p2a: Gengar|Ice Punch|p1a: superstitious
|-damage|p1a: superstitious|459\/523
|
|-heal|p1a: superstitious|491\/523|[from] item: Leftovers
|upkeep
|turn|9
|choice|switch 3|move thief
|
|switch|p1a: powervolt|Zapdos|383\/383
|move|p2a: Gengar|Thief|p1a: powervolt
|-damage|p1a: powervolt|341\/383
|-item|p2a: Gengar|Leftovers|[from] move: Thief|[of] p1a: powervolt
|
|-heal|p2a: Gengar|303\/323|[from] item: Leftovers
|upkeep
|turn|10
|choice|switch 4|switch 4
|
|switch|p2a: Raikou|Raikou|383\/383
|-damage|p2a: Raikou|336\/383|[from] Spikes
|switch|p1a: hammerin|Tyranitar, M|403\/403
|
|-heal|p2a: Raikou|359\/383|[from] item: Leftovers
|upkeep
|turn|11
|J|Syl♥ie Lyyneheym
|L|Syl♥ie Lyyneheym
|choice|switch 3|move thunder
|
|switch|p1a: superstitious|Snorlax, M|491\/523
|move|p2a: Raikou|Thunder|p1a: superstitious|[miss]
|-miss|p2a: Raikou|p1a: superstitious
|
|-heal|p2a: Raikou|382\/383|[from] item: Leftovers
|-heal|p1a: superstitious|523\/523|[from] item: Leftovers
|upkeep
|turn|12
|J|Syl♥ie Lyyneheym
|J|Mizuhime
|choice|move lovelykiss|switch 6
|
|switch|p2a: Cloyster|Cloyster, M|303\/303
|-damage|p2a: Cloyster|266\/303|[from] Spikes
|move|p1a: superstitious|Lovely Kiss|p2a: Cloyster
|-status|p2: Cloyster|slp
|
|-heal|p2a: Cloyster|284\/303 slp|[from] item: Leftovers
|upkeep
|turn|13
|J|dEnIs$S$s$S$
|J|utriut
|J|6ti
|choice|move doubleedge|move spikes
|
|cant|p2: Cloyster|slp
|move|p1a: superstitious|Double-Edge|p2a: Cloyster
|-crit|p2a: Cloyster
|-damage|p2a: Cloyster|86\/303 slp
|-damage|p1a: superstitious|474\/523|[from] recoil|[of] p2a: Cloyster
|
|-heal|p2a: Cloyster|104\/303 slp|[from] item: Leftovers
|-heal|p1a: superstitious|506\/523|[from] item: Leftovers
|upkeep
|turn|14
|L|utriut
|J|Ciele
|J|ETERNAL SPIRIT☆
|J|Moony
|J|zebraiken
|choice|switch 4|switch 4
|
|switch|p2a: Gengar|Gengar, M|303\/323
|-damage|p2a: Gengar|263\/323|[from] Spikes
|switch|p1a: powervolt|Zapdos|341\/383
|
|-heal|p2a: Gengar|283\/323|[from] item: Leftovers
|upkeep
|turn|15
|J|thundercebra
|J|utriut
|choice|switch 3|switch 6
|
|switch|p2a: Raikou|Raikou|382\/383
|-damage|p2a: Raikou|335\/383|[from] Spikes
|switch|p1a: hammerin|Tyranitar, M|403\/403
|
|-heal|p2a: Raikou|358\/383|[from] item: Leftovers
|upkeep
|turn|16
|J|ThatMeOnBeatBTW
|choice|switch 5|move thunder
|
|switch|p1a: king's palace|Nidoking, M|107\/365
|move|p2a: Raikou|Thunder|p1a: king's palace
|-immune|p1a: king's palace|[msg]
|
|-heal|p2a: Raikou|381\/383|[from] item: Leftovers
|-heal|p1a: king's palace|129\/365|[from] item: Leftovers
|upkeep
|turn|17
|J|carlybaejepsen
|choice|switch 4|move hiddenpower
|
|switch|p1a: superstitious|Snorlax, M|506\/523
|move|p2a: Raikou|Hidden Power|p1a: superstitious
|-damage|p1a: superstitious|451\/523
|
|-heal|p2a: Raikou|383\/383|[from] item: Leftovers
|-heal|p1a: superstitious|483\/523|[from] item: Leftovers
|upkeep
|turn|18
|J|North
|choice|switch 5|switch 6
|
|switch|p2a: Gengar|Gengar, M|283\/323
|-damage|p2a: Gengar|243\/323|[from] Spikes
|switch|p1a: hammerin|Tyranitar, M|403\/403
|
|-heal|p2a: Gengar|263\/323|[from] item: Leftovers
|upkeep
|turn|19
|J|camilas
|L|hamhamhamham
|choice|move pursuit|switch 3
|
|-activate|p2a: Gengar|move: Pursuit
|move|p1a: hammerin|Pursuit|p2a: Gengar|[from]Pursuit
|-supereffective|p2a: Gengar
|-damage|p2a: Gengar|46\/323
|switch|p2a: Snorlax|Snorlax, M|424\/523
|-damage|p2a: Snorlax|359\/523|[from] Spikes
|
|-heal|p2a: Snorlax|391\/523|[from] item: Leftovers
|upkeep
|turn|20
|J|reyscarface
|choice|move rockslide|move curse
|
|move|p1a: hammerin|Rock Slide|p2a: Snorlax
|-damage|p2a: Snorlax|257\/523
|move|p2a: Snorlax|Curse|p2a: Snorlax
|-unboost|p2a: Snorlax|spe|1
|-boost|p2a: Snorlax|atk|1
|-boost|p2a: Snorlax|def|1
|
|-heal|p2a: Snorlax|289\/523|[from] item: Leftovers
|upkeep
|turn|21
|L|utriut
|choice|move roar|move curse
|
|move|p2a: Snorlax|Curse|p2a: Snorlax
|-unboost|p2a: Snorlax|spe|1
|-boost|p2a: Snorlax|atk|1
|-boost|p2a: Snorlax|def|1
|move|p1a: hammerin|Roar|p2a: Snorlax
|drag|p2a: Cloyster|Cloyster, M|104\/303 slp
|-damage|p2a: Cloyster|67\/303 slp|[from] Spikes
|
|-heal|p2a: Cloyster|85\/303 slp|[from] item: Leftovers
|upkeep
|turn|22
|choice|move rockslide|switch 6
|
|switch|p2a: Raikou|Raikou|383\/383
|-damage|p2a: Raikou|336\/383|[from] Spikes
|move|p1a: hammerin|Rock Slide|p2a: Raikou
|-damage|p2a: Raikou|201\/383
|
|-heal|p2a: Raikou|224\/383|[from] item: Leftovers
|upkeep
|turn|23
|J|Zaettsu
|L|We Three Kings
|choice|move rockslide|move hiddenpower
|
|move|p2a: Raikou|Hidden Power|p1a: hammerin
|-damage|p1a: hammerin|345\/403
|move|p1a: hammerin|Rock Slide|p2a: Raikou
|-damage|p2a: Raikou|95\/383
|
|-heal|p2a: Raikou|118\/383|[from] item: Leftovers
|-heal|p1a: hammerin|370\/403|[from] item: Leftovers
|upkeep
|turn|24
|choice|switch 4|move rest
|
|switch|p1a: king's palace|Nidoking, M|129\/365
|move|p2a: Raikou|Rest|p2a: Raikou
|-status|p2: Raikou|slp
|-heal|p2a: Raikou|383\/383 slp|[silent]
|-status|p2a: Raikou|slp|[from] move: Rest
|
|-heal|p1a: king's palace|151\/365|[from] item: Leftovers
|upkeep
|turn|25
|J|utriut
|choice|move icebeam|switch 4
|
|switch|p2a: Snorlax|Snorlax, M|289\/523
|-damage|p2a: Snorlax|224\/523|[from] Spikes
|move|p1a: king's palace|Ice Beam|p2a: Snorlax
|-damage|p2a: Snorlax|163\/523
|
|-heal|p1a: king's palace|173\/365|[from] item: Leftovers
|-heal|p2a: Snorlax|195\/523|[from] item: Leftovers
|upkeep
|turn|26
|L|utriut
|J|Astamatitos
|choice|switch 4|move rest
|
|switch|p1a: hammerin|Tyranitar, M|370\/403
|move|p2a: Snorlax|Rest|p2a: Snorlax
|-status|p2: Snorlax|slp
|-heal|p2a: Snorlax|523\/523 slp|[silent]
|-status|p2a: Snorlax|slp|[from] move: Rest
|
|-heal|p1a: hammerin|395\/403|[from] item: Leftovers
|upkeep
|turn|27
|J|iamgingy
|choice|move rockslide|move bodyslam
|
|move|p1a: hammerin|Rock Slide|p2a: Snorlax
|-damage|p2a: Snorlax|390\/523 slp
|cant|p2: Snorlax|slp
|
|-heal|p1a: hammerin|403\/403|[from] item: Leftovers
|-heal|p2a: Snorlax|422\/523 slp|[from] item: Leftovers
|upkeep
|turn|28
|choice|move rockslide|move curse
|
|move|p1a: hammerin|Rock Slide|p2a: Snorlax
|-damage|p2a: Snorlax|270\/523 slp
|cant|p2: Snorlax|slp
|
|-heal|p2a: Snorlax|302\/523 slp|[from] item: Leftovers
|upkeep
|turn|29
|choice|move roar|move curse
|
|-curestatus|p2a: Snorlax|slp|[msg]
|move|p2a: Snorlax|Curse|p2a: Snorlax
|-unboost|p2a: Snorlax|spe|1
|-boost|p2a: Snorlax|atk|1
|-boost|p2a: Snorlax|def|1
|move|p1a: hammerin|Roar|p2a: Snorlax
|drag|p2a: Exeggutor|Exeggutor, M|393\/393
|-damage|p2a: Exeggutor|344\/393|[from] Spikes
|
|-heal|p2a: Exeggutor|368\/393|[from] item: Leftovers
|upkeep
|turn|30
|J|Hero
|choice|switch 3|move sleeppowder
|
|switch|p1a: powervolt|Zapdos|341\/383
|move|p2a: Exeggutor|Sleep Powder|p1a: powervolt
|-status|p1: powervolt|slp
|
|-heal|p2a: Exeggutor|392\/393|[from] item: Leftovers
|upkeep
|turn|31
|L|Ninjacalibur
|choice|move sleeptalk|move psychic
|
|cant|p1: powervolt|slp
|move|p1a: powervolt|Sleep Talk|p1a: powervolt
|move|p1a: powervolt|Hidden Power|p2a: Exeggutor|[from]Sleep Talk
|-supereffective|p2a: Exeggutor
|-damage|p2a: Exeggutor|212\/393
|move|p2a: Exeggutor|Psychic|p1a: powervolt
|-damage|p1a: powervolt|199\/383 slp
|
|-heal|p2a: Exeggutor|236\/393|[from] item: Leftovers
|upkeep
|turn|32
|choice|switch 3|switch 4
|
|switch|p1a: hammerin|Tyranitar, M|403\/403
|switch|p2a: Raikou|Raikou|383\/383 slp
|-damage|p2a: Raikou|336\/383 slp|[from] Spikes
|
|-heal|p2a: Raikou|359\/383 slp|[from] item: Leftovers
|upkeep
|turn|33
|L|meatDEALER
|L|carlybaejepsen
|choice|move rockslide|move thunder
|
|cant|p2: Raikou|slp
|move|p1a: hammerin|Rock Slide|p2a: Raikou
|-damage|p2a: Raikou|234\/383 slp
|
|-heal|p2a: Raikou|257\/383 slp|[from] item: Leftovers
|upkeep
|turn|34
|J|Zephir
|J|Zamrock
|L|ict
|choice|move roar|move thunder
|
|cant|p2: Raikou|slp
|move|p1a: hammerin|Roar|p2a: Raikou
|drag|p2a: Gengar|Gengar, M|46\/323
|-damage|p2a: Gengar|6\/323|[from] Spikes
|
|-heal|p2a: Gengar|26\/323|[from] item: Leftovers
|upkeep
|turn|35
|J|z0mOG
|J|schnee von gestern
|choice|move pursuit|move icepunch
|
|move|p2a: Gengar|Ice Punch|p1a: hammerin
|-damage|p1a: hammerin|335\/403
|move|p1a: hammerin|Pursuit|p2a: Gengar
|-supereffective|p2a: Gengar
|-damage|p2a: Gengar|0 fnt
|faint|p2a: Gengar
|choice||switch 2
|
|switch|p2a: Snorlax|Snorlax, M|302\/523
|-damage|p2a: Snorlax|237\/523|[from] Spikes
|
|-heal|p1a: hammerin|360\/403|[from] item: Leftovers
|-heal|p2a: Snorlax|269\/523|[from] item: Leftovers
|upkeep
|turn|36
|choice|move roar|move bodyslam
|
|move|p2a: Snorlax|Body Slam|p1a: hammerin
|-resisted|p1a: hammerin
|-damage|p1a: hammerin|315\/403
|-status|p1a: hammerin|par
|move|p1a: hammerin|Roar|p2a: Snorlax
|drag|p2a: Exeggutor|Exeggutor, M|236\/393
|-damage|p2a: Exeggutor|187\/393|[from] Spikes
|
|-heal|p2a: Exeggutor|211\/393|[from] item: Leftovers
|-heal|p1a: hammerin|340\/403 par|[from] item: Leftovers
|upkeep
|turn|37
|J|ict
|J|Ironic Colch
|choice|switch 5|move gigadrain
|
|switch|p1a: superstitious|Snorlax, M|483\/523
|move|p2a: Exeggutor|Giga Drain|p1a: superstitious
|-damage|p1a: superstitious|407\/523
|-heal|p2a: Exeggutor|249\/393|[from] drain|[of] p1a: superstitious
|
|-heal|p2a: Exeggutor|273\/393|[from] item: Leftovers
|-heal|p1a: superstitious|439\/523|[from] item: Leftovers
|upkeep
|turn|38
|J|partys over
|choice|move curse|move explosion
|
|move|p2a: Exeggutor|Explosion|p1a: superstitious
|-damage|p1a: superstitious|0 fnt
|faint|p1a: superstitious
|faint|p2a: Exeggutor
|J|dk
|L|6ti
|choice|switch 4|switch 4
|
|switch|p1a: king's palace|Nidoking, M|173\/365
|switch|p2a: Snorlax|Snorlax, M|269\/523
|-damage|p2a: Snorlax|204\/523|[from] Spikes
|
|-heal|p1a: king's palace|195\/365|[from] item: Leftovers
|-heal|p2a: Snorlax|236\/523|[from] item: Leftovers
|upkeep
|turn|39
|J|Brawl~MK
|L|schnee von gestern
|choice|switch 5|move rest
|
|switch|p1a: hammerin|Tyranitar, M|340\/403 par
|move|p2a: Snorlax|Rest|p2a: Snorlax
|-status|p2: Snorlax|slp
|-heal|p2a: Snorlax|523\/523 slp|[silent]
|-status|p2a: Snorlax|slp|[from] move: Rest
|
|-heal|p1a: hammerin|365\/403 par|[from] item: Leftovers
|upkeep
|turn|40
|choice|switch 6|move bodyslam
|
|switch|p1a: buster|Machamp, M|383\/383
|cant|p2: Snorlax|slp
|
|upkeep
|turn|41
|J|Ninjacalibur
|choice|move crosschop|switch 3
|
|switch|p2a: Raikou|Raikou|257\/383 slp
|-damage|p2a: Raikou|210\/383 slp|[from] Spikes
|move|p1a: buster|Cross Chop|p2a: Raikou
|-damage|p2a: Raikou|32\/383 slp
|
|-heal|p2a: Raikou|55\/383 slp|[from] item: Leftovers
|upkeep
|turn|42
|L|Ninjacalibur
|J|utriut
|choice|switch 5|move thunder
|
|switch|p1a: king's palace|Nidoking, M|195\/365
|-curestatus|p2a: Raikou|slp|[msg]
|move|p2a: Raikou|Thunder|p1a: king's palace
|-immune|p1a: king's palace|[msg]
|
|-heal|p2a: Raikou|78\/383|[from] item: Leftovers
|-heal|p1a: king's palace|217\/365|[from] item: Leftovers
|upkeep
|turn|43
|choice|move earthquake|switch 3
|
|switch|p2a: Snorlax|Snorlax, M|523\/523 slp
|-damage|p2a: Snorlax|458\/523 slp|[from] Spikes
|move|p1a: king's palace|Earthquake|p2a: Snorlax
|-damage|p2a: Snorlax|317\/523 slp
|
|-heal|p1a: king's palace|239\/365|[from] item: Leftovers
|-heal|p2a: Snorlax|349\/523 slp|[from] item: Leftovers
|upkeep
|turn|44
|L|utriut
|choice|switch 5|move curse
|
|switch|p1a: buster|Machamp, M|383\/383
|cant|p2: Snorlax|slp
|
|-heal|p2a: Snorlax|381\/523 slp|[from] item: Leftovers
|upkeep
|turn|45
|choice|move crosschop|move bodyslam
|
|move|p1a: buster|Cross Chop|p2a: Snorlax
|-supereffective|p2a: Snorlax
|-damage|p2a: Snorlax|31\/523 slp
|-curestatus|p2a: Snorlax|slp|[msg]
|move|p2a: Snorlax|Body Slam|p1a: buster
|-damage|p1a: buster|247\/383
|
|-heal|p1a: buster|270\/383|[from] item: Leftovers
|-heal|p2a: Snorlax|63\/523|[from] item: Leftovers
|upkeep
|turn|46
|choice|move hiddenpower|move bodyslam
|
|move|p1a: buster|Hidden Power|p2a: Snorlax
|-damage|p2a: Snorlax|0 fnt
|faint|p2a: Snorlax
|choice||switch 3
|
|switch|p2a: Raikou|Raikou|78\/383
|-damage|p2a: Raikou|31\/383|[from] Spikes
|
|-heal|p2a: Raikou|54\/383|[from] item: Leftovers
|-heal|p1a: buster|293\/383|[from] item: Leftovers
|upkeep
|turn|47
|choice|move hiddenpower|move thunder
|
|move|p2a: Raikou|Thunder|p1a: buster
|-damage|p1a: buster|116\/383
|move|p1a: buster|Hidden Power|p2a: Raikou
|-damage|p2a: Raikou|0 fnt
|faint|p2a: Raikou
|choice||switch 6
|
|switch|p2a: Cloyster|Cloyster, M|85\/303 slp
|-damage|p2a: Cloyster|48\/303 slp|[from] Spikes
|
|-heal|p2a: Cloyster|66\/303 slp|[from] item: Leftovers
|-heal|p1a: buster|139\/383|[from] item: Leftovers
|upkeep
|turn|48
|c|★Mr.378|gg
|L|Ojama
|c|★Roro|gg
|choice|move rockslide|move explosion
|
|cant|p2: Cloyster|slp
|move|p1a: buster|Rock Slide|p2a: Cloyster
|-supereffective|p2a: Cloyster
|-damage|p2a: Cloyster|0 fnt
|faint|p2a: Cloyster
|
|win|Roro
|player|p1
|player|p2
|L|ABR
|L|flcl
|L|choolio iglesias
|L|The Idiot Ninja
|L|kratosmana
|L|la cienega
|L|Jirachee
|L|WECAMEASROMANS
|L|Updated Kanto
|L|Gunner Rohan
|L|obii ☁
|L|Roro
|L|Zaettsu
|L|Bouff
|L|boudouche
|L|Mr.378
|L|Finchinator
|L|p2
|L|urban
|L|Lef♱iez.*
|L|r0ady
|L|Fireburn
|L|Syl♥ie Lyyneheym
|L|TheThorn
|L|thundercebra
|L|Seeergi
|L|OP
|L|marcop9923
|L|Zamrock
|L|camilas
|L|decent black
|L|zebraiken
|L|Mr. Aldo
|L|rozes
|L|123bakery
|L|Brawl~MK
|L|soviet
|J|JabbaTheGriffin
|L|Jimmy Turtwig
|L|AriiStella
|L|B KC
|L|Lacus Clyne
|L|bro fist
|L|Dread Arceus
|J|dodmen
|L|Zephir
|J|Sken
|L|dodmen
|L|Vai Lusa
|L|Hero
|L|reyscarface
|L|Mizuhime
|L|soulgazer
|L|Century Express
|L|DestinyUnknown
|L|Axel10★★★
|L|Finding True Love
|L|miltankmilk
|L|blunderr
|L|madoka腐化
|L|ETERNAL SPIRIT☆
|L|partys over
|L|Sken
|L|Rampecker
|L|Ciele
|J|tko
|L|tko
|J|Rampecker
|L|habajiga
|L|TDK
|L|dk
|J|TDK
|L|dEnIs$S$s$S$</script>
</div>
<div class="battle-log battle-log-inline"><div class="inner"><div class="battle-options"></div><div class="inner"><div class="chat message-error">Battle timer is ON: inactive players will automatically lose when time's up.</div><div class=""><small>Format:</small> <br><strong>[Gen 2] OU</strong></div><div class=""><small><em>Sleep Clause Mod:</em> Limit one foe put to sleep</small></div><div class=""><small><em>Species Clause:</em> Limit one of each Pokémon</small></div><div class=""><small><em>OHKO Clause:</em> OHKO moves are banned</small></div><div class=""><small><em>Evasion Moves Clause:</em> Evasion moves are banned</small></div><div class=""><small><em>HP Percentage Mod:</em> HP is shown in percentages</small></div><div class="spacer battle-history"><br></div><div class="battle-history">Battle started between Roro and Mr.378!<br></div><div class="spacer battle-history"><br></div><div class="battle-history">Go! king's palace (<strong>Nidoking</strong>)!<br></div><div class="spacer battle-history"><br></div><div class="battle-history">Mr.378 sent out <strong>Exeggutor</strong>!<br></div><div class="spacer battle-history"><br></div><h2 class="battle-history">Turn 1</h2><div class="chat chatmessage-mr378"><strong style="color:#909217"><small>★</small><span class="username" data-name="Mr.378">Mr.378</span>:</strong> <em>hf</em></div><div class="chat"><div class="broadcast-red"><b>Moderated chat was set to %!</b><br>Only users of rank % and higher can talk.</div></div><div class="chat chatmessage-jirachee"><strong style="color:#40a70d"><small>&amp;</small><span class="username" data-name="Jirachee">Jirachee</span>:</strong> <em>2 gods OMFG</em></div><div class="spacer battle-history"><br></div><div class="battle-history">king's palace, come back!<br></div><div class="battle-history">Go! powervolt (<strong>Zapdos</strong>)!<br></div><div class="spacer battle-history"><br></div><div class="battle-history">Mr.378 withdrew Exeggutor!<br></div><div class="battle-history">Mr.378 sent out <strong>Zapdos</strong>!<br></div><div class="spacer battle-history"><br></div><h2 class="battle-history">Turn 2</h2><div class="spacer battle-history"><br></div><div class="battle-history">Mr.378 withdrew Zapdos!<br></div><div class="battle-history">Mr.378 sent out <strong>Snorlax</strong>!<br></div><div class="spacer battle-history"><br></div><div class="battle-history">powervolt used <strong>Thunder</strong>!<br></div><div class="battle-history"><small>(The opposing Snorlax lost <abbr title="−163/523">31.2%</abbr> of its health!)</small><br></div><div class="spacer battle-history"><br></div><div class="battle-history"><small>The opposing Snorlax restored a little HP using its Leftovers!</small><br></div><div class="spacer battle-history"><br></div><h2 class="battle-history">Turn 3</h2><div class="spacer battle-history"><br></div><div class="battle-history">powervolt, come back!<br></div><div class="battle-history">Go! exoskeleton (<strong>Cloyster</strong>)!<br></div><div class="spacer battle-history"><br></div><div class="battle-history">The opposing Snorlax used <strong>Body Slam</strong>!<br></div><div class="battle-history"><small>(exoskeleton lost <abbr title="−73/303">24.1%</abbr> of its health!)</small><br></div><div class="spacer battle-history"><br></div><div class="battle-history"><small>exoskeleton restored a little HP using its Leftovers!</small><br></div><div class="battle-history"><small>The opposing Snorlax restored a little HP using its Leftovers!</small><br></div><div class="spacer battle-history"><br></div><h2 class="battle-history">Turn 4</h2><div class="spacer battle-history"><br></div><div class="battle-history">Mr.378 withdrew Snorlax!<br></div><div class="battle-history">Mr.378 sent out <strong>Zapdos</strong>!<br></div><div class="spacer battle-history"><br></div><div class="battle-history">exoskeleton used <strong>Spikes</strong>!<br></div><div class="battle-history"><small>Spikes were scattered on the ground all around the opposing team!</small><br></div><div class="spacer battle-history"><br></div><div class="battle-history"><small>exoskeleton restored a little HP using its Leftovers!</small><br></div><div class="spacer battle-history"><br></div><h2 class="battle-history">Turn 5</h2><div class="spacer battle-history"><br></div><div class="battle-history">exoskeleton, come back!<br></div><div class="battle-history">Go! king's palace (<strong>Nidoking</strong>)!<br></div><div class="spacer battle-history"><br></div><div class="battle-history">The opposing Zapdos used <strong>Thunder</strong>!<br></div><div class="battle-history"><small>It doesn't affect king's palace...</small><br></div><div class="spacer battle-history"><br></div><h2 class="battle-history">Turn 6</h2><div class="spacer battle-history"><br></div><div class="battle-history">The opposing Zapdos used <strong>Hidden Power</strong>!<br></div><div class="battle-history"><small>It's super effective!</small><br></div><div class="battle-history"><small>(king's palace lost <abbr title="−155/365">42.5%</abbr> of its health!)</small><br></div><div class="spacer battle-history"><br></div><div class="battle-history">king's palace used <strong>Ice Beam</strong>!<br></div><div class="battle-history"><small>It's super effective!</small><br></div><div class="battle-history"><small>(The opposing Zapdos lost <abbr title="−135/383">35.2%</abbr> of its health!)</small><br></div><div class="spacer battle-history"><br></div><div class="battle-history"><small>The opposing Zapdos restored a little HP using its Leftovers!</small><br></div><div class="battle-history"><small>king's palace restored a little HP using its Leftovers!</small><br></div><div class="spacer battle-history"><br></div><h2 class="battle-history">Turn 7</h2><div class="spacer battle-history"><br></div><div class="battle-history">The opposing Zapdos used <strong>Hidden Power</strong>!<br></div><div class="battle-history"><small>It's super effective!</small><br></div><div class="battle-history"><small>(king's palace lost <abbr title="−147/365">40.3%</abbr> of its health!)</small><br></div><div class="spacer battle-history"><br></div><div class="battle-history">king's palace used <strong>Counter</strong>!<br></div><div class="battle-history"><small>(The opposing Zapdos lost <abbr title="−271/383">70.8%</abbr> of its health!)</small><br></div><div class="spacer battle-history"><br></div><div class="battle-history">The opposing Zapdos fainted!<br></div><div class="chat chatmessage-kratosmana"><strong style="color:#267c36"><small>%</small><span class="username" data-name="kratosmana">kratosmana</span>:</strong> <em>ROROOOO</em></div><div class="spacer battle-history"><br></div><div class="battle-history">Mr.378 sent out <strong>Gengar</strong>!<br></div><div class="battle-history"><small>The opposing Gengar was hurt by the spikes!</small><br></div><div class="spacer battle-history"><br></div><div class="battle-history"><small>king's palace restored a little HP using its Leftovers!</small><br></div><div class="spacer battle-history"><br></div><h2 class="battle-history">Turn 8</h2><div class="spacer battle-history"><br></div><div class="battle-history">king's palace, come back!<br></div><div class="battle-history">Go! superstitious (<strong>Snorlax</strong>)!<br></div><div class="spacer battle-history"><br></div><div class="battle-history">The opposing Gengar used <strong>Ice Punch</strong>!<br></div><div class="battle-history"><small>(superstitious lost <abbr title="−64/523">12.2%</abbr> of its health!)</small><br></div><div class="spacer battle-history"><br></div><div class="battle-history"><small>superstitious restored a little HP using its Leftovers!</small><br></div><div class="spacer battle-history"><br></div><h2 class="battle-history">Turn 9</h2><div class="spacer battle-history"><br></div><div class="battle-history">superstitious, come back!<br></div><div class="battle-history">Go! powervolt (<strong>Zapdos</strong>)!<br></div><div class="spacer battle-history"><br></div><div class="battle-history">The opposing Gengar used <strong>Thief</strong>!<br></div><div class="battle-history"><small>(powervolt lost <abbr title="−42/383">11.0%</abbr> of its health!)</small><br></div><div class="battle-history"><small>The opposing Gengar stole powervolt's Leftovers!</small><br></div><div class="spacer battle-history"><br></div><div class="battle-history"><small>The opposing Gengar restored a little HP using its Leftovers!</small><br></div><div class="spacer battle-history"><br></div><h2 class="battle-history">Turn 10</h2><div class="spacer battle-history"><br></div><div class="battle-history">Mr.378 withdrew Gengar!<br></div><div class="battle-history">Mr.378 sent out <strong>Raikou</strong>!<br></div><div class="battle-history"><small>The opposing Raikou was hurt by the spikes!</small><br></div><div class="spacer battle-history"><br></div><div class="battle-history">powervolt, come back!<br></div><div class="battle-history">Go! hammerin (<strong>Tyranitar</strong>)!<br></div><div class="spacer battle-history"><br></div><div class="battle-history"><small>The opposing Raikou restored a little HP using its Leftovers!</small><br></div><div class="spacer battle-history"><br></div><h2 class="battle-history">Turn 11</h2><div class="spacer battle-history"><br></div><div class="battle-history">hammerin, come back!<br></div><div class="battle-history">Go! superstitious (<strong>Snorlax</strong>)!<br></div><div class="spacer battle-history"><br></div><div class="battle-history">The opposing Raikou used <strong>Thunder</strong>!<br></div><div class="battle-history"><small>superstitious avoided the attack!</small><br></div><div class="spacer battle-history"><br></div><div class="battle-history"><small>The opposing Raikou restored a little HP using its Leftovers!</small><br></div><div class="battle-history"><small>superstitious restored a little HP using its Leftovers!</small><br></div><div class="spacer battle-history"><br></div><h2 class="battle-history">Turn 12</h2><div class="spacer battle-history"><br></div><div class="battle-history">Mr.378 withdrew Raikou!<br></div><div class="battle-history">Mr.378 sent out <strong>Cloyster</strong>!<br></div><div class="battle-history"><small>The opposing Cloyster was hurt by the spikes!</small><br></div><div class="spacer battle-history"><br></div><div class="battle-history">superstitious used <strong>Lovely Kiss</strong>!<br></div><div class="battle-history"><small>The opposing Cloyster fell asleep!</small><br></div><div class="spacer battle-history"><br></div><div class="battle-history"><small>The opposing Cloyster restored a little HP using its Leftovers!</small><br></div><div class="spacer battle-history"><br></div><h2 class="battle-history">Turn 13</h2><div class="spacer battle-history"><br></div><div class="battle-history">The opposing Cloyster is fast asleep.<br></div><div class="spacer battle-history"><br></div><div class="battle-history">superstitious used <strong>Double-Edge</strong>!<br></div><div class="battle-history"><small>A critical hit!</small><br></div><div class="battle-history"><small>(The opposing Cloyster lost <abbr title="−198/303">65.3%</abbr> of its health!)</small><br></div><div class="battle-history"><small>superstitious was damaged by the recoil!</small><br></div><div class="spacer battle-history"><br></div><div class="battle-history"><small>The opposing Cloyster restored a little HP using its Leftovers!</small><br></div><div class="battle-history"><small>superstitious restored a little HP using its Leftovers!</small><br></div><div class="spacer battle-history"><br></div><h2 class="battle-history">Turn 14</h2><div class="spacer battle-history"><br></div><div class="battle-history">Mr.378 withdrew Cloyster!<br></div><div class="battle-history">Mr.378 sent out <strong>Gengar</strong>!<br></div><div class="battle-history"><small>The opposing Gengar was hurt by the spikes!</small><br></div><div class="spacer battle-history"><br></div><div class="battle-history">superstitious, come back!<br></div><div class="battle-history">Go! powervolt (<strong>Zapdos</strong>)!<br></div><div class="spacer battle-history"><br></div><div class="battle-history"><small>The opposing Gengar restored a little HP using its Leftovers!</small><br></div><div class="spacer battle-history"><br></div><h2 class="battle-history">Turn 15</h2><div class="spacer battle-history"><br></div><div class="battle-history">Mr.378 withdrew Gengar!<br></div><div class="battle-history">Mr.378 sent out <strong>Raikou</strong>!<br></div><div class="battle-history"><small>The opposing Raikou was hurt by the spikes!</small><br></div><div class="spacer battle-history"><br></div><div class="battle-history">powervolt, come back!<br></div><div class="battle-history">Go! hammerin (<strong>Tyranitar</strong>)!<br></div><div class="spacer battle-history"><br></div><div class="battle-history"><small>The opposing Raikou restored a little HP using its Leftovers!</small><br></div><div class="spacer battle-history"><br></div><h2 class="battle-history">Turn 16</h2><div class="spacer battle-history"><br></div><div class="battle-history">hammerin, come back!<br></div><div class="battle-history">Go! king's palace (<strong>Nidoking</strong>)!<br></div><div class="spacer battle-history"><br></div><div class="battle-history">The opposing Raikou used <strong>Thunder</strong>!<br></div><div class="battle-history"><small>It doesn't affect king's palace...</small><br></div><div class="spacer battle-history"><br></div><div class="battle-history"><small>The opposing Raikou restored a little HP using its Leftovers!</small><br></div><div class="battle-history"><small>king's palace restored a little HP using its Leftovers!</small><br></div><div class="spacer battle-history"><br></div><h2 class="battle-history">Turn 17</h2><div class="spacer battle-history"><br></div><div class="battle-history">king's palace, come back!<br></div><div class="battle-history">Go! superstitious (<strong>Snorlax</strong>)!<br></div><div class="spacer battle-history"><br></div><div class="battle-history">The opposing Raikou used <strong>Hidden Power</strong>!<br></div><div class="battle-history"><small>(superstitious lost <abbr title="−55/523">10.5%</abbr> of its health!)</small><br></div><div class="spacer battle-history"><br></div><div class="battle-history"><small>The opposing Raikou restored a little HP using its Leftovers!</small><br></div><div class="battle-history"><small>superstitious restored a little HP using its Leftovers!</small><br></div><div class="spacer battle-history"><br></div><h2 class="battle-history">Turn 18</h2><div class="spacer battle-history"><br></div><div class="battle-history">Mr.378 withdrew Raikou!<br></div><div class="battle-history">Mr.378 sent out <strong>Gengar</strong>!<br></div><div class="battle-history"><small>The opposing Gengar was hurt by the spikes!</small><br></div><div class="spacer battle-history"><br></div><div class="battle-history">superstitious, come back!<br></div><div class="battle-history">Go! hammerin (<strong>Tyranitar</strong>)!<br></div><div class="spacer battle-history"><br></div><div class="battle-history"><small>The opposing Gengar restored a little HP using its Leftovers!</small><br></div><div class="spacer battle-history"><br></div><h2 class="battle-history">Turn 19</h2><div class="spacer battle-history"><br></div><div class="battle-history"><small>(The opposing Gengar is being withdrawn...)</small><br></div><div class="spacer battle-history"><br></div><div class="battle-history">hammerin used <strong>Pursuit</strong>!<br></div><div class="battle-history"><small>It's super effective!</small><br></div><div class="battle-history"><small>(The opposing Gengar lost <abbr title="−217/323">67.2%</abbr> of its health!)</small><br></div><div class="spacer battle-history"><br></div><div class="battle-history">Mr.378 withdrew Gengar!<br></div><div class="battle-history">Mr.378 sent out <strong>Snorlax</strong>!<br></div><div class="battle-history"><small>The opposing Snorlax was hurt by the spikes!</small><br></div><div class="spacer battle-history"><br></div><div class="battle-history"><small>The opposing Snorlax restored a little HP using its Leftovers!</small><br></div><div class="spacer battle-history"><br></div><h2 class="battle-history">Turn 20</h2><div class="spacer battle-history"><br></div><div class="battle-history">hammerin used <strong>Rock Slide</strong>!<br></div><div class="battle-history"><small>(The opposing Snorlax lost <abbr title="−134/523">25.6%</abbr> of its health!)</small><br></div><div class="spacer battle-history"><br></div><div class="battle-history">The opposing Snorlax used <strong>Curse</strong>!<br></div><div class="battle-history"><small>The opposing Snorlax's Speed fell!</small><br></div><div class="battle-history"><small>The opposing Snorlax's Attack rose!</small><br></div><div class="battle-history"><small>The opposing Snorlax's Defense rose!</small><br></div><div class="spacer battle-history"><br></div><div class="battle-history"><small>The opposing Snorlax restored a little HP using its Leftovers!</small><br></div><div class="spacer battle-history"><br></div><h2 class="battle-history">Turn 21</h2><div class="spacer battle-history"><br></div><div class="battle-history">The opposing Snorlax used <strong>Curse</strong>!<br></div><div class="battle-history"><small>The opposing Snorlax's Speed fell!</small><br></div><div class="battle-history"><small>The opposing Snorlax's Attack rose!</small><br></div><div class="battle-history"><small>The opposing Snorlax's Defense rose!</small><br></div><div class="spacer battle-history"><br></div><div class="battle-history">hammerin used <strong>Roar</strong>!<br></div><div class="spacer battle-history"><br></div><div class="battle-history"><strong>Cloyster</strong> was dragged out!<br></div><div class="battle-history"><small>The opposing Cloyster was hurt by the spikes!</small><br></div><div class="spacer battle-history"><br></div><div class="battle-history"><small>The opposing Cloyster restored a little HP using its Leftovers!</small><br></div><div class="spacer battle-history"><br></div><h2 class="battle-history">Turn 22</h2><div class="spacer battle-history"><br></div><div class="battle-history">Mr.378 withdrew Cloyster!<br></div><div class="battle-history">Mr.378 sent out <strong>Raikou</strong>!<br></div><div class="battle-history"><small>The opposing Raikou was hurt by the spikes!</small><br></div><div class="spacer battle-history"><br></div><div class="battle-history">hammerin used <strong>Rock Slide</strong>!<br></div><div class="battle-history"><small>(The opposing Raikou lost <abbr title="−135/383">35.2%</abbr> of its health!)</small><br></div><div class="spacer battle-history"><br></div><div class="battle-history"><small>The opposing Raikou restored a little HP using its Leftovers!</small><br></div><div class="spacer battle-history"><br></div><h2 class="battle-history">Turn 23</h2><div class="spacer battle-history"><br></div><div class="battle-history">The opposing Raikou used <strong>Hidden Power</strong>!<br></div><div class="battle-history"><small>(hammerin lost <abbr title="−58/403">14.4%</abbr> of its health!)</small><br></div><div class="spacer battle-history"><br></div><div class="battle-history">hammerin used <strong>Rock Slide</strong>!<br></div><div class="battle-history"><small>(The opposing Raikou lost <abbr title="−129/383">33.7%</abbr> of its health!)</small><br></div><div class="spacer battle-history"><br></div><div class="battle-history"><small>The opposing Raikou restored a little HP using its Leftovers!</small><br></div><div class="battle-history"><small>hammerin restored a little HP using its Leftovers!</small><br></div><div class="spacer battle-history"><br></div><h2 class="battle-history">Turn 24</h2><div class="spacer battle-history"><br></div><div class="battle-history">hammerin, come back!<br></div><div class="battle-history">Go! king's palace (<strong>Nidoking</strong>)!<br></div><div class="spacer battle-history"><br></div><div class="battle-history">The opposing Raikou used <strong>Rest</strong>!<br></div><div class="battle-history"><small>The opposing Raikou fell asleep!</small><br></div><div class="battle-history"><small>The opposing Raikou slept and became healthy!</small><br></div><div class="spacer battle-history"><br></div><div class="battle-history"><small>king's palace restored a little HP using its Leftovers!</small><br></div><div class="spacer battle-history"><br></div><h2 class="battle-history">Turn 25</h2><div class="spacer battle-history"><br></div><div class="battle-history">Mr.378 withdrew Raikou!<br></div><div class="battle-history">Mr.378 sent out <strong>Snorlax</strong>!<br></div><div class="battle-history"><small>The opposing Snorlax was hurt by the spikes!</small><br></div><div class="spacer battle-history"><br></div><div class="battle-history">king's palace used <strong>Ice Beam</strong>!<br></div><div class="battle-history"><small>(The opposing Snorlax lost <abbr title="−61/523">11.7%</abbr> of its health!)</small><br></div><div class="spacer battle-history"><br></div><div class="battle-history"><small>king's palace restored a little HP using its Leftovers!</small><br></div><div class="battle-history"><small>The opposing Snorlax restored a little HP using its Leftovers!</small><br></div><div class="spacer battle-history"><br></div><h2 class="battle-history">Turn 26</h2><div class="spacer battle-history"><br></div><div class="battle-history">king's palace, come back!<br></div><div class="battle-history">Go! hammerin (<strong>Tyranitar</strong>)!<br></div><div class="spacer battle-history"><br></div><div class="battle-history">The opposing Snorlax used <strong>Rest</strong>!<br></div><div class="battle-history"><small>The opposing Snorlax fell asleep!</small><br></div><div class="battle-history"><small>The opposing Snorlax slept and became healthy!</small><br></div><div class="spacer battle-history"><br></div><div class="battle-history"><small>hammerin restored a little HP using its Leftovers!</small><br></div><div class="spacer battle-history"><br></div><h2 class="battle-history">Turn 27</h2><div class="spacer battle-history"><br></div><div class="battle-history">hammerin used <strong>Rock Slide</strong>!<br></div><div class="battle-history"><small>(The opposing Snorlax lost <abbr title="−133/523">25.4%</abbr> of its health!)</small><br></div><div class="spacer battle-history"><br></div><div class="battle-history">The opposing Snorlax is fast asleep.<br></div><div class="spacer battle-history"><br></div><div class="battle-history"><small>hammerin restored a little HP using its Leftovers!</small><br></div><div class="battle-history"><small>The opposing Snorlax restored a little HP using its Leftovers!</small><br></div><div class="spacer battle-history"><br></div><h2 class="battle-history">Turn 28</h2><div class="spacer battle-history"><br></div><div class="battle-history">hammerin used <strong>Rock Slide</strong>!<br></div><div class="battle-history"><small>(The opposing Snorlax lost <abbr title="−152/523">29.1%</abbr> of its health!)</small><br></div><div class="spacer battle-history"><br></div><div class="battle-history">The opposing Snorlax is fast asleep.<br></div><div class="spacer battle-history"><br></div><div class="battle-history"><small>The opposing Snorlax restored a little HP using its Leftovers!</small><br></div><div class="spacer battle-history"><br></div><h2 class="battle-history">Turn 29</h2><div class="spacer battle-history"><br></div><div class="battle-history"><small>The opposing Snorlax woke up!</small><br></div><div class="spacer battle-history"><br></div><div class="battle-history">The opposing Snorlax used <strong>Curse</strong>!<br></div><div class="battle-history"><small>The opposing Snorlax's Speed fell!</small><br></div><div class="battle-history"><small>The opposing Snorlax's Attack rose!</small><br></div><div class="battle-history"><small>The opposing Snorlax's Defense rose!</small><br></div><div class="spacer battle-history"><br></div><div class="battle-history">hammerin used <strong>Roar</strong>!<br></div><div class="spacer battle-history"><br></div><div class="battle-history"><strong>Exeggutor</strong> was dragged out!<br></div><div class="battle-history"><small>The opposing Exeggutor was hurt by the spikes!</small><br></div><div class="spacer battle-history"><br></div><div class="battle-history"><small>The opposing Exeggutor restored a little HP using its Leftovers!</small><br></div><div class="spacer battle-history"><br></div><h2 class="battle-history">Turn 30</h2><div class="spacer battle-history"><br></div><div class="battle-history">hammerin, come back!<br></div><div class="battle-history">Go! powervolt (<strong>Zapdos</strong>)!<br></div><div class="spacer battle-history"><br></div><div class="battle-history">The opposing Exeggutor used <strong>Sleep Powder</strong>!<br></div><div class="battle-history"><small>powervolt fell asleep!</small><br></div><div class="spacer battle-history"><br></div><div class="battle-history"><small>The opposing Exeggutor restored a little HP using its Leftovers!</small><br></div><div class="spacer battle-history"><br></div><h2 class="battle-history">Turn 31</h2><div class="spacer battle-history"><br></div><div class="battle-history">powervolt is fast asleep.<br></div><div class="spacer battle-history"><br></div><div class="battle-history">powervolt used <strong>Sleep Talk</strong>!<br></div><div class="spacer battle-history"><br></div><div class="battle-history">powervolt used <strong>Hidden Power</strong>!<br></div><div class="battle-history"><small>It's super effective!</small><br></div><div class="battle-history"><small>(The opposing Exeggutor lost <abbr title="−180/393">45.8%</abbr> of its health!)</small><br></div><div class="spacer battle-history"><br></div><div class="battle-history">The opposing Exeggutor used <strong>Psychic</strong>!<br></div><div class="battle-history"><small>(powervolt lost <abbr title="−142/383">37.1%</abbr> of its health!)</small><br></div><div class="spacer battle-history"><br></div><div class="battle-history"><small>The opposing Exeggutor restored a little HP using its Leftovers!</small><br></div><div class="spacer battle-history"><br></div><h2 class="battle-history">Turn 32</h2><div class="spacer battle-history"><br></div><div class="battle-history">powervolt, come back!<br></div><div class="battle-history">Go! hammerin (<strong>Tyranitar</strong>)!<br></div><div class="spacer battle-history"><br></div><div class="battle-history">Mr.378 withdrew Exeggutor!<br></div><div class="battle-history">Mr.378 sent out <strong>Raikou</strong>!<br></div><div class="battle-history"><small>The opposing Raikou was hurt by the spikes!</small><br></div><div class="spacer battle-history"><br></div><div class="battle-history"><small>The opposing Raikou restored a little HP using its Leftovers!</small><br></div><div class="spacer battle-history"><br></div><h2 class="battle-history">Turn 33</h2><div class="spacer battle-history"><br></div><div class="battle-history">The opposing Raikou is fast asleep.<br></div><div class="spacer battle-history"><br></div><div class="battle-history">hammerin used <strong>Rock Slide</strong>!<br></div><div class="battle-history"><small>(The opposing Raikou lost <abbr title="−125/383">32.6%</abbr> of its health!)</small><br></div><div class="spacer battle-history"><br></div><div class="battle-history"><small>The opposing Raikou restored a little HP using its Leftovers!</small><br></div><div class="spacer battle-history"><br></div><h2 class="battle-history">Turn 34</h2><div class="spacer battle-history"><br></div><div class="battle-history">The opposing Raikou is fast asleep.<br></div><div class="spacer battle-history"><br></div><div class="battle-history">hammerin used <strong>Roar</strong>!<br></div><div class="spacer battle-history"><br></div><div class="battle-history"><strong>Gengar</strong> was dragged out!<br></div><div class="battle-history"><small>The opposing Gengar was hurt by the spikes!</small><br></div><div class="spacer battle-history"><br></div><div class="battle-history"><small>The opposing Gengar restored a little HP using its Leftovers!</small><br></div><div class="spacer battle-history"><br></div><h2 class="battle-history">Turn 35</h2><div class="spacer battle-history"><br></div><div class="battle-history">The opposing Gengar used <strong>Ice Punch</strong>!<br></div><div class="battle-history"><small>(hammerin lost <abbr title="−68/403">16.9%</abbr> of its health!)</small><br></div><div class="spacer battle-history"><br></div><div class="battle-history">hammerin used <strong>Pursuit</strong>!<br></div><div class="battle-history"><small>It's super effective!</small><br></div><div class="battle-history"><small>(The opposing Gengar lost <abbr title="−26/323">8.0%</abbr> of its health!)</small><br></div><div class="spacer battle-history"><br></div><div class="battle-history">The opposing Gengar fainted!<br></div><div class="spacer battle-history"><br></div><div class="battle-history">Mr.378 sent out <strong>Snorlax</strong>!<br></div><div class="battle-history"><small>The opposing Snorlax was hurt by the spikes!</small><br></div><div class="spacer battle-history"><br></div><div class="battle-history"><small>hammerin restored a little HP using its Leftovers!</small><br></div><div class="battle-history"><small>The opposing Snorlax restored a little HP using its Leftovers!</small><br></div><div class="spacer battle-history"><br></div><h2 class="battle-history">Turn 36</h2><div class="spacer battle-history"><br></div><div class="battle-history">The opposing Snorlax used <strong>Body Slam</strong>!<br></div><div class="battle-history"><small>It's not very effective...</small><br></div><div class="battle-history"><small>(hammerin lost <abbr title="−45/403">11.2%</abbr> of its health!)</small><br></div><div class="battle-history"><small>hammerin is paralyzed! It may be unable to move!</small><br></div><div class="spacer battle-history"><br></div><div class="battle-history">hammerin used <strong>Roar</strong>!<br></div><div class="spacer battle-history"><br></div><div class="battle-history"><strong>Exeggutor</strong> was dragged out!<br></div><div class="battle-history"><small>The opposing Exeggutor was hurt by the spikes!</small><br></div><div class="spacer battle-history"><br></div><div class="battle-history"><small>The opposing Exeggutor restored a little HP using its Leftovers!</small><br></div><div class="battle-history"><small>hammerin restored a little HP using its Leftovers!</small><br></div><div class="spacer battle-history"><br></div><h2 class="battle-history">Turn 37</h2><div class="spacer battle-history"><br></div><div class="battle-history">hammerin, come back!<br></div><div class="battle-history">Go! superstitious (<strong>Snorlax</strong>)!<br></div><div class="spacer battle-history"><br></div><div class="battle-history">The opposing Exeggutor used <strong>Giga Drain</strong>!<br></div><div class="battle-history"><small>(superstitious lost <abbr title="−76/523">14.5%</abbr> of its health!)</small><br></div><div class="battle-history"><small>superstitious had its energy drained!</small><br></div><div class="spacer battle-history"><br></div><div class="battle-history"><small>The opposing Exeggutor restored a little HP using its Leftovers!</small><br></div><div class="battle-history"><small>superstitious restored a little HP using its Leftovers!</small><br></div><div class="spacer battle-history"><br></div><h2 class="battle-history">Turn 38</h2><div class="spacer battle-history"><br></div><div class="battle-history">The opposing Exeggutor used <strong>Explosion</strong>!<br></div><div class="battle-history"><small>(superstitious lost <abbr title="−439/523">83.9%</abbr> of its health!)</small><br></div><div class="spacer battle-history"><br></div><div class="battle-history">superstitious fainted!<br></div><div class="battle-history">The opposing Exeggutor fainted!<br></div><div class="spacer battle-history"><br></div><div class="battle-history">Go! king's palace (<strong>Nidoking</strong>)!<br></div><div class="spacer battle-history"><br></div><div class="battle-history">Mr.378 sent out <strong>Snorlax</strong>!<br></div><div class="battle-history"><small>The opposing Snorlax was hurt by the spikes!</small><br></div><div class="spacer battle-history"><br></div><div class="battle-history"><small>king's palace restored a little HP using its Leftovers!</small><br></div><div class="battle-history"><small>The opposing Snorlax restored a little HP using its Leftovers!</small><br></div><div class="spacer battle-history"><br></div><h2 class="battle-history">Turn 39</h2><div class="spacer battle-history"><br></div><div class="battle-history">king's palace, come back!<br></div><div class="battle-history">Go! hammerin (<strong>Tyranitar</strong>)!<br></div><div class="spacer battle-history"><br></div><div class="battle-history">The opposing Snorlax used <strong>Rest</strong>!<br></div><div class="battle-history"><small>The opposing Snorlax fell asleep!</small><br></div><div class="battle-history"><small>The opposing Snorlax slept and became healthy!</small><br></div><div class="spacer battle-history"><br></div><div class="battle-history"><small>hammerin restored a little HP using its Leftovers!</small><br></div><div class="spacer battle-history"><br></div><h2 class="battle-history">Turn 40</h2><div class="spacer battle-history"><br></div><div class="battle-history">hammerin, come back!<br></div><div class="battle-history">Go! buster (<strong>Machamp</strong>)!<br></div><div class="spacer battle-history"><br></div><div class="battle-history">The opposing Snorlax is fast asleep.<br></div><div class="spacer battle-history"><br></div><h2 class="battle-history">Turn 41</h2><div class="spacer battle-history"><br></div><div class="battle-history">Mr.378 withdrew Snorlax!<br></div><div class="battle-history">Mr.378 sent out <strong>Raikou</strong>!<br></div><div class="battle-history"><small>The opposing Raikou was hurt by the spikes!</small><br></div><div class="spacer battle-history"><br></div><div class="battle-history">buster used <strong>Cross Chop</strong>!<br></div><div class="battle-history"><small>(The opposing Raikou lost <abbr title="−178/383">46.5%</abbr> of its health!)</small><br></div><div class="spacer battle-history"><br></div><div class="battle-history"><small>The opposing Raikou restored a little HP using its Leftovers!</small><br></div><div class="spacer battle-history"><br></div><h2 class="battle-history">Turn 42</h2><div class="spacer battle-history"><br></div><div class="battle-history">buster, come back!<br></div><div class="battle-history">Go! king's palace (<strong>Nidoking</strong>)!<br></div><div class="battle-history"><small>The opposing Raikou woke up!</small><br></div><div class="spacer battle-history"><br></div><div class="battle-history">The opposing Raikou used <strong>Thunder</strong>!<br></div><div class="battle-history"><small>It doesn't affect king's palace...</small><br></div><div class="spacer battle-history"><br></div><div class="battle-history"><small>The opposing Raikou restored a little HP using its Leftovers!</small><br></div><div class="battle-history"><small>king's palace restored a little HP using its Leftovers!</small><br></div><div class="spacer battle-history"><br></div><h2 class="battle-history">Turn 43</h2><div class="spacer battle-history"><br></div><div class="battle-history">Mr.378 withdrew Raikou!<br></div><div class="battle-history">Mr.378 sent out <strong>Snorlax</strong>!<br></div><div class="battle-history"><small>The opposing Snorlax was hurt by the spikes!</small><br></div><div class="spacer battle-history"><br></div><div class="battle-history">king's palace used <strong>Earthquake</strong>!<br></div><div class="battle-history"><small>(The opposing Snorlax lost <abbr title="−141/523">27.0%</abbr> of its health!)</small><br></div><div class="spacer battle-history"><br></div><div class="battle-history"><small>king's palace restored a little HP using its Leftovers!</small><br></div><div class="battle-history"><small>The opposing Snorlax restored a little HP using its Leftovers!</small><br></div><div class="spacer battle-history"><br></div><h2 class="battle-history">Turn 44</h2><div class="spacer battle-history"><br></div><div class="battle-history">king's palace, come back!<br></div><div class="battle-history">Go! buster (<strong>Machamp</strong>)!<br></div><div class="spacer battle-history"><br></div><div class="battle-history">The opposing Snorlax is fast asleep.<br></div><div class="spacer battle-history"><br></div><div class="battle-history"><small>The opposing Snorlax restored a little HP using its Leftovers!</small><br></div><div class="spacer battle-history"><br></div><h2 class="battle-history">Turn 45</h2><div class="spacer battle-history"><br></div><div class="battle-history">buster used <strong>Cross Chop</strong>!<br></div><div class="battle-history"><small>It's super effective!</small><br></div><div class="battle-history"><small>(The opposing Snorlax lost <abbr title="−350/523">66.9%</abbr> of its health!)</small><br></div><div class="battle-history"><small>The opposing Snorlax woke up!</small><br></div><div class="spacer battle-history"><br></div><div class="battle-history">The opposing Snorlax used <strong>Body Slam</strong>!<br></div><div class="battle-history"><small>(buster lost <abbr title="−136/383">35.5%</abbr> of its health!)</small><br></div><div class="spacer battle-history"><br></div><div class="battle-history"><small>buster restored a little HP using its Leftovers!</small><br></div><div class="battle-history"><small>The opposing Snorlax restored a little HP using its Leftovers!</small><br></div><div class="spacer battle-history"><br></div><h2 class="battle-history">Turn 46</h2><div class="spacer battle-history"><br></div><div class="battle-history">buster used <strong>Hidden Power</strong>!<br></div><div class="battle-history"><small>(The opposing Snorlax lost <abbr title="−63/523">12.0%</abbr> of its health!)</small><br></div><div class="spacer battle-history"><br></div><div class="battle-history">The opposing Snorlax fainted!<br></div><div class="spacer battle-history"><br></div><div class="battle-history">Mr.378 sent out <strong>Raikou</strong>!<br></div><div class="battle-history"><small>The opposing Raikou was hurt by the spikes!</small><br></div><div class="spacer battle-history"><br></div><div class="battle-history"><small>The opposing Raikou restored a little HP using its Leftovers!</small><br></div><div class="battle-history"><small>buster restored a little HP using its Leftovers!</small><br></div><div class="spacer battle-history"><br></div><h2 class="battle-history">Turn 47</h2><div class="spacer battle-history"><br></div><div class="battle-history">The opposing Raikou used <strong>Thunder</strong>!<br></div><div class="battle-history"><small>(buster lost <abbr title="−177/383">46.2%</abbr> of its health!)</small><br></div><div class="spacer battle-history"><br></div><div class="battle-history">buster used <strong>Hidden Power</strong>!<br></div><div class="battle-history"><small>(The opposing Raikou lost <abbr title="−54/383">14.1%</abbr> of its health!)</small><br></div><div class="spacer battle-history"><br></div><div class="battle-history">The opposing Raikou fainted!<br></div><div class="spacer battle-history"><br></div><div class="battle-history">Mr.378 sent out <strong>Cloyster</strong>!<br></div><div class="battle-history"><small>The opposing Cloyster was hurt by the spikes!</small><br></div><div class="spacer battle-history"><br></div><div class="battle-history"><small>The opposing Cloyster restored a little HP using its Leftovers!</small><br></div><div class="battle-history"><small>buster restored a little HP using its Leftovers!</small><br></div><div class="spacer battle-history"><br></div><h2 class="battle-history">Turn 48</h2><div class="chat chatmessage-mr378"><strong style="color:#909217"><small>★</small><span class="username" data-name="Mr.378">Mr.378</span>:</strong> <em>gg</em></div><div class="chat chatmessage-roro"><strong style="color:#5c6ce3"><small>★</small><span class="username" data-name="Roro">Roro</span>:</strong> <em>gg</em></div><div class="spacer battle-history"><br></div><div class="battle-history">The opposing Cloyster is fast asleep.<br></div><div class="spacer battle-history"><br></div><div class="battle-history">buster used <strong>Rock Slide</strong>!<br></div><div class="battle-history"><small>It's super effective!</small><br></div><div class="battle-history"><small>(The opposing Cloyster lost <abbr title="−66/303">21.8%</abbr> of its health!)</small><br></div><div class="spacer battle-history"><br></div><div class="battle-history">The opposing Cloyster fainted!<br></div><div class="spacer battle-history"><br></div><div class="battle-history"><strong>Roro</strong> won the battle!<br></div></div><div class="inner-preempt"></div></div></div>
</div>
<script>
let daily = Math.floor(Date.now()/1000/60/60/24);document.write('<script src="https://play.pokemonshowdown.com/js/replay-embed.js?version'+daily+'"></'+'script>');
</script>
