<!DOCTYPE html>
<meta charset="utf-8" />
<!-- version 1 -->
<title>[Gen 2] OU replay: Century Express vs. Jimmy Turtwig</title>
<style>
html,body {font-family:Verdana, sans-serif;font-size:10pt;margin:0;padding:0;}body{padding:12px 0;} .battle-log {font-family:Verdana, sans-serif;font-size:10pt;} .battle-log-inline {border:1px solid #AAAAAA;background:#EEF2F5;color:black;max-width:640px;margin:0 auto 80px;padding-bottom:5px;} .battle-log .inner {padding:4px 8px 0px 8px;} .battle-log .inner-preempt {padding:0 8px 4px 8px;} .battle-log .inner-after {margin-top:0.5em;} .battle-log h2 {margin:0.5em -8px;padding:4px 8px;border:1px solid #AAAAAA;background:#E0E7EA;border-left:0;border-right:0;font-family:Verdana, sans-serif;font-size:13pt;} .battle-log .chat {vertical-align:middle;padding:3px 0 3px 0;font-size:8pt;} .battle-log .chat strong {color:#40576A;} .battle-log .chat em {padding:1px 4px 1px 3px;color:#000000;font-style:normal;} .chat.mine {background:rgba(0,0,0,0.05);margin-left:-8px;margin-right:-8px;padding-left:8px;padding-right:8px;} .spoiler {color:#BBBBBB;background:#BBBBBB;padding:0px 3px;} .spoiler:hover, .spoiler:active, .spoiler-shown {color:#000000;background:#E2E2E2;padding:0px 3px;} .spoiler a {color:#BBBBBB;} .spoiler:hover a, .spoiler:active a, .spoiler-shown a {color:#2288CC;} .chat code, .chat .spoiler:hover code, .chat .spoiler:active code, .chat .spoiler-shown code {border:1px solid #C0C0C0;background:#EEEEEE;color:black;padding:0 2px;} .chat .spoiler code {border:1px solid #CCCCCC;background:#CCCCCC;color:#CCCCCC;} .battle-log .rated {padding:3px 4px;} .battle-log .rated strong {color:white;background:#89A;padding:1px 4px;border-radius:4px;} .spacer {margin-top:0.5em;} .message-announce {background:#6688AA;color:white;padding:1px 4px 2px;} .message-announce a, .broadcast-green a, .broadcast-blue a, .broadcast-red a {color:#DDEEFF;} .broadcast-green {background-color:#559955;color:white;padding:2px 4px;} .broadcast-blue {background-color:#6688AA;color:white;padding:2px 4px;} .infobox {border:1px solid #6688AA;padding:2px 4px;} .infobox-limited {max-height:200px;overflow:auto;overflow-x:hidden;} .broadcast-red {background-color:#AA5544;color:white;padding:2px 4px;} .message-learn-canlearn {font-weight:bold;color:#228822;text-decoration:underline;} .message-learn-cannotlearn {font-weight:bold;color:#CC2222;text-decoration:underline;} .message-effect-weak {font-weight:bold;color:#CC2222;} .message-effect-resist {font-weight:bold;color:#6688AA;} .message-effect-immune {font-weight:bold;color:#666666;} .message-learn-list {margin-top:0;margin-bottom:0;} .message-throttle-notice, .message-error {color:#992222;} .message-overflow, .chat small.message-overflow {font-size:0pt;} .message-overflow::before {font-size:9pt;content:'...';} .subtle {color:#3A4A66;}
</style>
<div class="wrapper replay-wrapper" style="max-width:1180px;margin:0 auto">
<input type="hidden" name="replayid" value="smogtours-gen2ou-354615" />
<div class="battle"></div><div class="battle-log"></div><div class="replay-controls"></div><div class="replay-controls-2"></div>
<h1 style="font-weight:normal;text-align:center"><strong>[Gen 2] OU</strong><br /><a href="http://pokemonshowdown.com/users/centuryexpress" class="subtle" target="_blank">Century Express</a> vs. <a href="http://pokemonshowdown.com/users/jimmyturtwig" class="subtle" target="_blank">Jimmy Turtwig</a></h1>
<script type="text/plain" class="battle-log-data">|player|p1|Century Express|282
|player|p2|Jimmy Turtwig|164
|teamsize|p1|6
|teamsize|p2|6
|gametype|singles
|gen|2
|tier|[Gen 2] OU
|rated|
|rule|Sleep Clause Mod: Limit one foe put to sleep
|rule|Freeze Clause Mod: Limit one foe frozen
|rule|Species Clause: Limit one of each Pokémon
|rule|OHKO Clause: OHKO moves are banned
|rule|Evasion Moves Clause: Evasion moves are banned
|rule|HP Percentage Mod: HP is shown in percentages
|
|start
|switch|p1a: Zapdos|Zapdos|100\/100
|switch|p2a: Snorlax|Snorlax, M|100\/100
|turn|1
|c|☆Century Express|gl
|c|☆Jimmy Turtwig|u2
|c|☆Jimmy Turtwig|"you will not receive ladder rating for this game" :(
|c|+Aldertz|In
|c|+A Nobreza Obriga|=^°^=
|
|move|p1a: Zapdos|Thunder Wave|p2a: Snorlax
|-status|p2a: Snorlax|par
|move|p2a: Snorlax|Curse|p2a: Snorlax
|-unboost|p2a: Snorlax|spe|1
|-boost|p2a: Snorlax|atk|1
|-boost|p2a: Snorlax|def|1
|
|upkeep
|turn|2
|c|+SweetPosho|hello gentlemen
|
|switch|p1a: Tyranitar|Tyranitar, M|100\/100
|move|p2a: Snorlax|Double-Edge|p1a: Tyranitar
|-resisted|p1a: Tyranitar
|-damage|p1a: Tyranitar|73\/100
|-damage|p2a: Snorlax|95\/100 par|[from] Recoil|[of] p1a: Tyranitar
|
|-heal|p1a: Tyranitar|79\/100|[from] item: Leftovers
|-heal|p2a: Snorlax|100\/100 par|[from] item: Leftovers
|upkeep
|turn|3
|c|+pasy_g|kok
|raw|<div class="broadcast-red"><strong>Moderated chat was set to ☆!<\/strong><br \/>Only users of rank ☆ and higher can talk.<\/div>
|
|move|p2a: Snorlax|Lovely Kiss|p1a: Tyranitar
|-status|p1a: Tyranitar|slp
|cant|p1a: Tyranitar|slp
|
|-heal|p1a: Tyranitar|85\/100 slp|[from] item: Leftovers
|upkeep
|turn|4
|
|move|p2a: Snorlax|Double-Edge|p1a: Tyranitar
|-crit|p1a: Tyranitar
|-resisted|p1a: Tyranitar
|-damage|p1a: Tyranitar|35\/100 slp
|-damage|p2a: Snorlax|91\/100 par|[from] Recoil|[of] p1a: Tyranitar
|cant|p1a: Tyranitar|slp
|
|-heal|p1a: Tyranitar|41\/100 slp|[from] item: Leftovers
|-heal|p2a: Snorlax|97\/100 par|[from] item: Leftovers
|upkeep
|turn|5
|
|move|p2a: Snorlax|Double-Edge|p1a: Tyranitar
|-resisted|p1a: Tyranitar
|-damage|p1a: Tyranitar|14\/100 slp
|-damage|p2a: Snorlax|92\/100 par|[from] Recoil|[of] p1a: Tyranitar
|-curestatus|p1a: Tyranitar|slp|[msg]
|move|p1a: Tyranitar|Roar|p2a: Snorlax
|drag|p2a: Zapdos|Zapdos|100\/100
|
|-heal|p1a: Tyranitar|20\/100|[from] item: Leftovers
|upkeep
|turn|6
|
|switch|p2a: Cloyster|Cloyster, M|100\/100
|switch|p1a: Zapdos|Zapdos|100\/100
|
|upkeep
|turn|7
|
|switch|p1a: Cloyster|Cloyster, M|100\/100
|switch|p2a: Snorlax|Snorlax, M|92\/100 par
|
|-heal|p2a: Snorlax|98\/100 par|[from] item: Leftovers
|upkeep
|turn|8
|
|move|p1a: Cloyster|Spikes|p2a: Snorlax
|-sidestart|p2: Jimmy Turtwig|Spikes
|move|p2a: Snorlax|Lovely Kiss|p1a: Cloyster
|-status|p1a: Cloyster|slp
|
|-heal|p2a: Snorlax|100\/100 par|[from] item: Leftovers
|upkeep
|turn|9
|
|switch|p1a: Snorlax|Snorlax, M|100\/100
|switch|p2a: Cloyster|Cloyster, M|100\/100
|-damage|p2a: Cloyster|88\/100|[from] Spikes
|
|-heal|p2a: Cloyster|94\/100|[from] item: Leftovers
|upkeep
|turn|10
|
|move|p2a: Cloyster|Spikes|p1a: Snorlax
|-sidestart|p1: Century Express|Spikes
|move|p1a: Snorlax|Curse|p1a: Snorlax
|-unboost|p1a: Snorlax|spe|1
|-boost|p1a: Snorlax|atk|1
|-boost|p1a: Snorlax|def|1
|
|-heal|p2a: Cloyster|99\/100|[from] item: Leftovers
|upkeep
|turn|11
|
|move|p2a: Cloyster|Toxic|p1a: Snorlax
|-status|p1a: Snorlax|tox
|move|p1a: Snorlax|Double-Edge|p2a: Cloyster
|-damage|p2a: Cloyster|49\/100
|-damage|p1a: Snorlax|93\/100 tox|[from] Recoil|[of] p2a: Cloyster
|-damage|p1a: Snorlax|87\/100 tox|[from] tox|[of] p2a: Cloyster
|
|-heal|p2a: Cloyster|55\/100|[from] item: Leftovers
|-heal|p1a: Snorlax|93\/100 tox|[from] item: Leftovers
|upkeep
|turn|12
|
|switch|p2a: Steelix|Steelix, M|100\/100
|-damage|p2a: Steelix|88\/100|[from] Spikes
|move|p1a: Snorlax|Double-Edge|p2a: Steelix
|-resisted|p2a: Steelix
|-damage|p2a: Steelix|69\/100
|-damage|p1a: Snorlax|90\/100 tox|[from] Recoil|[of] p2a: Steelix
|-damage|p1a: Snorlax|78\/100 tox|[from] tox|[of] p2a: Steelix
|
|-heal|p2a: Steelix|75\/100|[from] item: Leftovers
|-heal|p1a: Snorlax|84\/100 tox|[from] item: Leftovers
|upkeep
|turn|13
|
|move|p1a: Snorlax|Rest|p1a: Snorlax
|-status|p1a: Snorlax|slp
|-heal|p1a: Snorlax|100\/100 slp|[silent]
|-status|p1a: Snorlax|slp|[from] move: Rest
|move|p2a: Steelix|Roar|p1a: Snorlax
|drag|p1a: Zapdos|Zapdos|100\/100
|
|-heal|p2a: Steelix|82\/100|[from] item: Leftovers
|upkeep
|turn|14
|
|move|p1a: Zapdos|Thunder|p2a: Steelix
|-immune|p2a: Steelix|[msg]
|move|p2a: Steelix|Roar|p1a: Zapdos
|drag|p1a: Snorlax|Snorlax, M|100\/100 slp
|-damage|p1a: Snorlax|88\/100 slp|[from] Spikes
|
|-heal|p1a: Snorlax|94\/100 slp|[from] item: Leftovers
|-heal|p2a: Steelix|88\/100|[from] item: Leftovers
|upkeep
|turn|15
|
|switch|p1a: Zapdos|Zapdos|100\/100
|move|p2a: Steelix|Curse|p2a: Steelix
|-unboost|p2a: Steelix|spe|1
|-boost|p2a: Steelix|atk|1
|-boost|p2a: Steelix|def|1
|
|-heal|p2a: Steelix|94\/100|[from] item: Leftovers
|upkeep
|turn|16
|
|move|p1a: Zapdos|Hidden Power|p2a: Steelix
|-damage|p2a: Steelix|70\/100
|move|p2a: Steelix|Roar|p1a: Zapdos
|drag|p1a: Tyranitar|Tyranitar, M|20\/100
|-damage|p1a: Tyranitar|8\/100|[from] Spikes
|
|-heal|p1a: Tyranitar|14\/100|[from] item: Leftovers
|-heal|p2a: Steelix|77\/100|[from] item: Leftovers
|upkeep
|turn|17
|
|switch|p2a: Zapdos|Zapdos|100\/100
|move|p1a: Tyranitar|Fire Blast|p2a: Zapdos|[miss]
|-miss|p1a: Tyranitar
|
|-heal|p1a: Tyranitar|20\/100|[from] item: Leftovers
|upkeep
|turn|18
|
|switch|p1a: Snorlax|Snorlax, M|94\/100 slp
|-damage|p1a: Snorlax|82\/100 slp|[from] Spikes
|move|p2a: Zapdos|Thunder|p1a: Snorlax
|-damage|p1a: Snorlax|51\/100 slp
|
|-heal|p1a: Snorlax|57\/100 slp|[from] item: Leftovers
|upkeep
|turn|19
|
|switch|p2a: Machamp|Machamp, M|100\/100
|-damage|p2a: Machamp|88\/100|[from] Spikes
|cant|p1a: Snorlax|slp
|move|p1a: Snorlax|Sleep Talk|p1a: Snorlax
|move|p1a: Snorlax|Double-Edge|p2a: Machamp|[from]Sleep Talk
|-damage|p2a: Machamp|40\/100
|-damage|p1a: Snorlax|48\/100 slp|[from] Recoil|[of] p2a: Machamp
|
|-heal|p2a: Machamp|46\/100|[from] item: Leftovers
|-heal|p1a: Snorlax|54\/100 slp|[from] item: Leftovers
|upkeep
|turn|20
|
|switch|p1a: Exeggutor|Exeggutor, M|100\/100
|-damage|p1a: Exeggutor|88\/100|[from] Spikes
|move|p2a: Machamp|Rock Slide|p1a: Exeggutor
|-damage|p1a: Exeggutor|68\/100
|
|-heal|p2a: Machamp|52\/100|[from] item: Leftovers
|-heal|p1a: Exeggutor|74\/100|[from] item: Leftovers
|upkeep
|turn|21
|
|switch|p2a: Snorlax|Snorlax, M|100\/100 par
|-damage|p2a: Snorlax|88\/100 par|[from] Spikes
|move|p1a: Exeggutor|Stun Spore|p2a: Snorlax
|-fail|p2a: Snorlax|par
|
|-heal|p1a: Exeggutor|80\/100|[from] item: Leftovers
|-heal|p2a: Snorlax|94\/100 par|[from] item: Leftovers
|upkeep
|turn|22
|
|move|p1a: Exeggutor|Psychic|p2a: Snorlax
|-damage|p2a: Snorlax|71\/100 par
|cant|p2a: Snorlax|par
|
|-heal|p1a: Exeggutor|86\/100|[from] item: Leftovers
|-heal|p2a: Snorlax|77\/100 par|[from] item: Leftovers
|upkeep
|turn|23
|
|move|p1a: Exeggutor|Psychic|p2a: Snorlax
|-damage|p2a: Snorlax|56\/100 par
|move|p2a: Snorlax|Double-Edge|p1a: Exeggutor
|-damage|p1a: Exeggutor|43\/100
|-damage|p2a: Snorlax|48\/100 par|[from] Recoil|[of] p1a: Exeggutor
|
|-heal|p1a: Exeggutor|49\/100|[from] item: Leftovers
|-heal|p2a: Snorlax|54\/100 par|[from] item: Leftovers
|upkeep
|turn|24
|
|move|p1a: Exeggutor|Explosion|p2a: Snorlax
|-damage|p2a: Snorlax|0 fnt
|faint|p2a: Snorlax
|faint|p1a: Exeggutor
|
|switch|p1a: Zapdos|Zapdos|100\/100
|switch|p2a: Zapdos|Zapdos|100\/100
|
|upkeep
|turn|25
|
|move|p1a: Zapdos|Thunder Wave|p2a: Zapdos
|-status|p2a: Zapdos|par
|move|p2a: Zapdos|Thunder|p1a: Zapdos
|-crit|p1a: Zapdos
|-damage|p1a: Zapdos|11\/100
|-status|p1a: Zapdos|par
|
|-heal|p1a: Zapdos|17\/100 par|[from] item: Leftovers
|upkeep
|turn|26
|
|switch|p1a: Marowak|Marowak, M|100\/100
|-damage|p1a: Marowak|88\/100|[from] Spikes
|move|p2a: Zapdos|Hidden Power|p1a: Marowak
|-supereffective|p1a: Marowak
|-damage|p1a: Marowak|40\/100
|
|upkeep
|turn|27
|
|switch|p1a: Snorlax|Snorlax, M|54\/100 slp
|-damage|p1a: Snorlax|42\/100 slp|[from] Spikes
|move|p2a: Zapdos|Hidden Power|p1a: Snorlax
|-damage|p1a: Snorlax|30\/100 slp
|
|-heal|p1a: Snorlax|36\/100 slp|[from] item: Leftovers
|upkeep
|turn|28
|raw|<div class="broadcast-green"><b>The ladder is now back.<\/b><br \/>Rated games will update the ladder now..<\/div>
|
|switch|p2a: Cloyster|Cloyster, M|55\/100
|-damage|p2a: Cloyster|42\/100|[from] Spikes
|cant|p1a: Snorlax|slp
|move|p1a: Snorlax|Sleep Talk|p1a: Snorlax
|move|p1a: Snorlax|Double-Edge|p2a: Cloyster|[from]Sleep Talk
|-damage|p2a: Cloyster|8\/100
|-damage|p1a: Snorlax|31\/100 slp|[from] Recoil|[of] p2a: Cloyster
|
|-heal|p2a: Cloyster|14\/100|[from] item: Leftovers
|-heal|p1a: Snorlax|38\/100 slp|[from] item: Leftovers
|upkeep
|turn|29
|
|switch|p1a: Zapdos|Zapdos|17\/100 par
|move|p2a: Cloyster|Explosion|p1a: Zapdos
|-damage|p1a: Zapdos|0 fnt
|faint|p1a: Zapdos
|faint|p2a: Cloyster
|
|switch|p1a: Tyranitar|Tyranitar, M|20\/100
|switch|p2a: Machamp|Machamp, M|52\/100
|-damage|p1a: Tyranitar|8\/100|[from] Spikes
|-damage|p2a: Machamp|40\/100|[from] Spikes
|
|-heal|p1a: Tyranitar|14\/100|[from] item: Leftovers
|-heal|p2a: Machamp|46\/100|[from] item: Leftovers
|upkeep
|turn|30
|
|move|p1a: Tyranitar|Fire Blast|p2a: Machamp
|-damage|p2a: Machamp|20\/100
|-status|p2a: Machamp|brn
|move|p2a: Machamp|Rock Slide|p1a: Tyranitar
|-damage|p1a: Tyranitar|5\/100
|-damage|p2a: Machamp|8\/100 brn|[from] brn|[of] p1a: Tyranitar
|
|-heal|p1a: Tyranitar|12\/100|[from] item: Leftovers
|-heal|p2a: Machamp|14\/100 brn|[from] item: Leftovers
|upkeep
|turn|31
|
|move|p1a: Tyranitar|Rock Slide|p2a: Machamp
|-resisted|p2a: Machamp
|-damage|p2a: Machamp|0 fnt
|faint|p2a: Machamp
|
|switch|p2a: Zapdos|Zapdos|100\/100 par
|
|-heal|p1a: Tyranitar|18\/100|[from] item: Leftovers
|upkeep
|turn|32
|
|move|p1a: Tyranitar|Rock Slide|p2a: Zapdos
|-supereffective|p2a: Zapdos
|-damage|p2a: Zapdos|37\/100 par
|cant|p2a: Zapdos|par
|
|-heal|p1a: Tyranitar|24\/100|[from] item: Leftovers
|-heal|p2a: Zapdos|43\/100 par|[from] item: Leftovers
|upkeep
|turn|33
|
|move|p1a: Tyranitar|Rock Slide|p2a: Zapdos
|-supereffective|p2a: Zapdos
|-damage|p2a: Zapdos|0 fnt
|faint|p2a: Zapdos
|
|switch|p2a: Steelix|Steelix, M|77\/100
|-damage|p2a: Steelix|64\/100|[from] Spikes
|
|-heal|p1a: Tyranitar|30\/100|[from] item: Leftovers
|-heal|p2a: Steelix|70\/100|[from] item: Leftovers
|upkeep
|turn|34
|
|switch|p1a: Cloyster|Cloyster, M|100\/100 slp
|-damage|p1a: Cloyster|88\/100 slp|[from] Spikes
|move|p2a: Steelix|Earthquake|p1a: Cloyster
|-damage|p1a: Cloyster|64\/100 slp
|
|-heal|p1a: Cloyster|69\/100 slp|[from] item: Leftovers
|-heal|p2a: Steelix|77\/100|[from] item: Leftovers
|upkeep
|turn|35
|
|cant|p1a: Cloyster|slp
|move|p2a: Steelix|Curse|p2a: Steelix
|-unboost|p2a: Steelix|spe|1
|-boost|p2a: Steelix|atk|1
|-boost|p2a: Steelix|def|1
|
|-heal|p1a: Cloyster|75\/100 slp|[from] item: Leftovers
|-heal|p2a: Steelix|83\/100|[from] item: Leftovers
|upkeep
|turn|36
|
|cant|p1a: Cloyster|slp
|move|p2a: Steelix|Earthquake|p1a: Cloyster
|-damage|p1a: Cloyster|43\/100 slp
|
|-heal|p1a: Cloyster|49\/100 slp|[from] item: Leftovers
|-heal|p2a: Steelix|89\/100|[from] item: Leftovers
|upkeep
|turn|37
|
|cant|p1a: Cloyster|slp
|move|p2a: Steelix|Earthquake|p1a: Cloyster
|-damage|p1a: Cloyster|15\/100 slp
|
|-heal|p1a: Cloyster|21\/100 slp|[from] item: Leftovers
|-heal|p2a: Steelix|95\/100|[from] item: Leftovers
|upkeep
|turn|38
|
|cant|p1a: Cloyster|slp
|move|p2a: Steelix|Earthquake|p1a: Cloyster
|-damage|p1a: Cloyster|0 fnt
|faint|p1a: Cloyster
|
|switch|p1a: Tyranitar|Tyranitar, M|30\/100
|-damage|p1a: Tyranitar|18\/100|[from] Spikes
|
|-heal|p1a: Tyranitar|24\/100|[from] item: Leftovers
|-heal|p2a: Steelix|100\/100|[from] item: Leftovers
|upkeep
|turn|39
|
|move|p1a: Tyranitar|Fire Blast|p2a: Steelix|[miss]
|-miss|p1a: Tyranitar
|move|p2a: Steelix|Earthquake|p1a: Tyranitar
|-supereffective|p1a: Tyranitar
|-damage|p1a: Tyranitar|0 fnt
|faint|p1a: Tyranitar
|
|switch|p1a: Marowak|Marowak, M|40\/100
|-damage|p1a: Marowak|27\/100|[from] Spikes
|
|upkeep
|turn|40
|
|move|p1a: Marowak|Earthquake|p2a: Steelix
|-supereffective|p2a: Steelix
|-damage|p2a: Steelix|55\/100
|move|p2a: Steelix|Earthquake|p1a: Marowak
|-damage|p1a: Marowak|0 fnt
|faint|p1a: Marowak
|
|switch|p1a: Snorlax|Snorlax, M|38\/100 slp
|-damage|p1a: Snorlax|25\/100 slp|[from] Spikes
|
|-heal|p1a: Snorlax|31\/100 slp|[from] item: Leftovers
|-heal|p2a: Steelix|62\/100|[from] item: Leftovers
|upkeep
|turn|41
|c|☆Century Express|gg
|c|☆Jimmy Turtwig|gg
|
|-curestatus|p1a: Snorlax|slp|[msg]
|move|p1a: Snorlax|Rest|p1a: Snorlax
|-status|p1a: Snorlax|slp
|-heal|p1a: Snorlax|100\/100 slp|[silent]
|-status|p1a: Snorlax|slp|[from] move: Rest
|move|p2a: Steelix|Explosion|p1a: Snorlax
|-damage|p1a: Snorlax|0 fnt
|faint|p1a: Snorlax
|faint|p2a: Steelix
|
|win|Jimmy Turtwig
|raw|Century Express's rating: 1199 &rarr; <strong>1161<\/strong><br \/>(-38 for losing)
|raw|Jimmy Turtwig's rating: 1000 &rarr; <strong>1068<\/strong><br \/>(+68 for winning)
</script>
</div>
<div class="battle-log battle-log-inline"><div class="inner"><div class="battle-options"></div><div class="inner"><div class=""><small>Format:</small> <br><strong>[Gen 2] OU</strong></div><div class="rated"><strong>Rated battle</strong></div><div class=""><small><em>Sleep Clause Mod:</em> Limit one foe put to sleep</small></div><div class=""><small><em>Freeze Clause Mod:</em> Limit one foe frozen</small></div><div class=""><small><em>Species Clause:</em> Limit one of each Pokémon</small></div><div class=""><small><em>OHKO Clause:</em> OHKO moves are banned</small></div><div class=""><small><em>Evasion Moves Clause:</em> Evasion moves are banned</small></div><div class=""><small><em>HP Percentage Mod:</em> HP is shown in percentages</small></div><div class="spacer battle-history"><br></div><div class="battle-history">Battle started between Century Express and Jimmy Turtwig!<br></div><div class="spacer battle-history"><br></div><div class="battle-history">Go! <strong>Zapdos</strong>!<br></div><div class="spacer battle-history"><br></div><div class="battle-history">Jimmy Turtwig sent out <strong>Snorlax</strong>!<br></div><div class="spacer battle-history"><br></div><h2 class="battle-history">Turn 1</h2><div class="chat chatmessage-centuryexpress"><strong style="color:#10a594"><small>☆</small><span class="username" data-name="Century Express">Century Express</span>:</strong> <em>gl</em></div><div class="chat chatmessage-jimmyturtwig"><strong style="color:#9945d2"><small>☆</small><span class="username" data-name="Jimmy Turtwig">Jimmy Turtwig</span>:</strong> <em>u2</em></div><div class="chat chatmessage-jimmyturtwig"><strong style="color:#9945d2"><small>☆</small><span class="username" data-name="Jimmy Turtwig">Jimmy Turtwig</span>:</strong> <em>"you will not receive ladder rating for this game" :(</em></div><div class="chat chatmessage-aldertz"><strong style="color:#7b7ed3"><small>+</small><span class="username" data-name="Aldertz">Aldertz</span>:</strong> <em>In</em></div><div class="chat chatmessage-anobrezaobriga"><strong style="color:#2ea799"><small>+</small><span class="username" data-name="A Nobreza Obriga">A Nobreza Obriga</span>:</strong> <em>=^°^=</em></div><div class="spacer battle-history"><br></div><div class="battle-history">Zapdos used <strong>Thunder Wave</strong>!<br></div><div class="battle-history"><small>The opposing Snorlax is paralyzed! It may be unable to move!</small><br></div><div class="spacer battle-history"><br></div><div class="battle-history">The opposing Snorlax used <strong>Curse</strong>!<br></div><div class="battle-history"><small>The opposing Snorlax's Speed fell!</small><br></div><div class="battle-history"><small>The opposing Snorlax's Attack rose!</small><br></div><div class="battle-history"><small>The opposing Snorlax's Defense rose!</small><br></div><div class="spacer battle-history"><br></div><h2 class="battle-history">Turn 2</h2><div class="chat chatmessage-sweetposho"><strong style="color:#c14655"><small>+</small><span class="username" data-name="SweetPosho">SweetPosho</span>:</strong> <em>hello gentlemen</em></div><div class="spacer battle-history"><br></div><div class="battle-history">Zapdos, come back!<br></div><div class="battle-history">Go! <strong>Tyranitar</strong>!<br></div><div class="spacer battle-history"><br></div><div class="battle-history">The opposing Snorlax used <strong>Double-Edge</strong>!<br></div><div class="battle-history"><small>It's not very effective...</small><br></div><div class="battle-history"><small>(Tyranitar lost 27% of its health!)</small><br></div><div class="battle-history"><small>The opposing Snorlax was damaged by the recoil!</small><br></div><div class="spacer battle-history"><br></div><div class="battle-history"><small>Tyranitar restored a little HP using its Leftovers!</small><br></div><div class="battle-history"><small>The opposing Snorlax restored a little HP using its Leftovers!</small><br></div><div class="spacer battle-history"><br></div><h2 class="battle-history">Turn 3</h2><div class="chat chatmessage-pasyg"><strong style="color:#2c8190"><small>+</small><span class="username" data-name="pasy_g">pasy_g</span>:</strong> <em>kok</em></div><div class="chat"><div class="broadcast-red"><strong>Moderated chat was set to ☆!</strong><br>Only users of rank ☆ and higher can talk.</div></div><div class="spacer battle-history"><br></div><div class="battle-history">The opposing Snorlax used <strong>Lovely Kiss</strong>!<br></div><div class="battle-history"><small>Tyranitar fell asleep!</small><br></div><div class="spacer battle-history"><br></div><div class="battle-history">Tyranitar is fast asleep.<br></div><div class="spacer battle-history"><br></div><div class="battle-history"><small>Tyranitar restored a little HP using its Leftovers!</small><br></div><div class="spacer battle-history"><br></div><h2 class="battle-history">Turn 4</h2><div class="spacer battle-history"><br></div><div class="battle-history">The opposing Snorlax used <strong>Double-Edge</strong>!<br></div><div class="battle-history"><small>A critical hit!</small><br></div><div class="battle-history"><small>It's not very effective...</small><br></div><div class="battle-history"><small>(Tyranitar lost 50% of its health!)</small><br></div><div class="battle-history"><small>The opposing Snorlax was damaged by the recoil!</small><br></div><div class="spacer battle-history"><br></div><div class="battle-history">Tyranitar is fast asleep.<br></div><div class="spacer battle-history"><br></div><div class="battle-history"><small>Tyranitar restored a little HP using its Leftovers!</small><br></div><div class="battle-history"><small>The opposing Snorlax restored a little HP using its Leftovers!</small><br></div><div class="spacer battle-history"><br></div><h2 class="battle-history">Turn 5</h2><div class="spacer battle-history"><br></div><div class="battle-history">The opposing Snorlax used <strong>Double-Edge</strong>!<br></div><div class="battle-history"><small>It's not very effective...</small><br></div><div class="battle-history"><small>(Tyranitar lost 27% of its health!)</small><br></div><div class="battle-history"><small>The opposing Snorlax was damaged by the recoil!</small><br></div><div class="battle-history"><small>Tyranitar woke up!</small><br></div><div class="spacer battle-history"><br></div><div class="battle-history">Tyranitar used <strong>Roar</strong>!<br></div><div class="spacer battle-history"><br></div><div class="battle-history"><strong>Zapdos</strong> was dragged out!<br></div><div class="spacer battle-history"><br></div><div class="battle-history"><small>Tyranitar restored a little HP using its Leftovers!</small><br></div><div class="spacer battle-history"><br></div><h2 class="battle-history">Turn 6</h2><div class="spacer battle-history"><br></div><div class="battle-history">Jimmy Turtwig withdrew Zapdos!<br></div><div class="battle-history">Jimmy Turtwig sent out <strong>Cloyster</strong>!<br></div><div class="spacer battle-history"><br></div><div class="battle-history">Tyranitar, come back!<br></div><div class="battle-history">Go! <strong>Zapdos</strong>!<br></div><div class="spacer battle-history"><br></div><h2 class="battle-history">Turn 7</h2><div class="spacer battle-history"><br></div><div class="battle-history">Zapdos, come back!<br></div><div class="battle-history">Go! <strong>Cloyster</strong>!<br></div><div class="spacer battle-history"><br></div><div class="battle-history">Jimmy Turtwig withdrew Cloyster!<br></div><div class="battle-history">Jimmy Turtwig sent out <strong>Snorlax</strong>!<br></div><div class="spacer battle-history"><br></div><div class="battle-history"><small>The opposing Snorlax restored a little HP using its Leftovers!</small><br></div><div class="spacer battle-history"><br></div><h2 class="battle-history">Turn 8</h2><div class="spacer battle-history"><br></div><div class="battle-history">Cloyster used <strong>Spikes</strong>!<br></div><div class="battle-history"><small>Spikes were scattered on the ground all around the opposing team!</small><br></div><div class="spacer battle-history"><br></div><div class="battle-history">The opposing Snorlax used <strong>Lovely Kiss</strong>!<br></div><div class="battle-history"><small>Cloyster fell asleep!</small><br></div><div class="spacer battle-history"><br></div><div class="battle-history"><small>The opposing Snorlax restored a little HP using its Leftovers!</small><br></div><div class="spacer battle-history"><br></div><h2 class="battle-history">Turn 9</h2><div class="spacer battle-history"><br></div><div class="battle-history">Cloyster, come back!<br></div><div class="battle-history">Go! <strong>Snorlax</strong>!<br></div><div class="spacer battle-history"><br></div><div class="battle-history">Jimmy Turtwig withdrew Snorlax!<br></div><div class="battle-history">Jimmy Turtwig sent out <strong>Cloyster</strong>!<br></div><div class="battle-history"><small>The opposing Cloyster was hurt by the spikes!</small><br></div><div class="spacer battle-history"><br></div><div class="battle-history"><small>The opposing Cloyster restored a little HP using its Leftovers!</small><br></div><div class="spacer battle-history"><br></div><h2 class="battle-history">Turn 10</h2><div class="spacer battle-history"><br></div><div class="battle-history">The opposing Cloyster used <strong>Spikes</strong>!<br></div><div class="battle-history"><small>Spikes were scattered on the ground all around your team!</small><br></div><div class="spacer battle-history"><br></div><div class="battle-history">Snorlax used <strong>Curse</strong>!<br></div><div class="battle-history"><small>Snorlax's Speed fell!</small><br></div><div class="battle-history"><small>Snorlax's Attack rose!</small><br></div><div class="battle-history"><small>Snorlax's Defense rose!</small><br></div><div class="spacer battle-history"><br></div><div class="battle-history"><small>The opposing Cloyster restored a little HP using its Leftovers!</small><br></div><div class="spacer battle-history"><br></div><h2 class="battle-history">Turn 11</h2><div class="spacer battle-history"><br></div><div class="battle-history">The opposing Cloyster used <strong>Toxic</strong>!<br></div><div class="battle-history"><small>Snorlax was badly poisoned!</small><br></div><div class="spacer battle-history"><br></div><div class="battle-history">Snorlax used <strong>Double-Edge</strong>!<br></div><div class="battle-history"><small>(The opposing Cloyster lost 50% of its health!)</small><br></div><div class="battle-history"><small>Snorlax was damaged by the recoil!</small><br></div><div class="battle-history"><small>Snorlax was hurt by poison!</small><br></div><div class="spacer battle-history"><br></div><div class="battle-history"><small>The opposing Cloyster restored a little HP using its Leftovers!</small><br></div><div class="battle-history"><small>Snorlax restored a little HP using its Leftovers!</small><br></div><div class="spacer battle-history"><br></div><h2 class="battle-history">Turn 12</h2><div class="spacer battle-history"><br></div><div class="battle-history">Jimmy Turtwig withdrew Cloyster!<br></div><div class="battle-history">Jimmy Turtwig sent out <strong>Steelix</strong>!<br></div><div class="battle-history"><small>The opposing Steelix was hurt by the spikes!</small><br></div><div class="spacer battle-history"><br></div><div class="battle-history">Snorlax used <strong>Double-Edge</strong>!<br></div><div class="battle-history"><small>It's not very effective...</small><br></div><div class="battle-history"><small>(The opposing Steelix lost 19% of its health!)</small><br></div><div class="battle-history"><small>Snorlax was damaged by the recoil!</small><br></div><div class="battle-history"><small>Snorlax was hurt by poison!</small><br></div><div class="spacer battle-history"><br></div><div class="battle-history"><small>The opposing Steelix restored a little HP using its Leftovers!</small><br></div><div class="battle-history"><small>Snorlax restored a little HP using its Leftovers!</small><br></div><div class="spacer battle-history"><br></div><h2 class="battle-history">Turn 13</h2><div class="spacer battle-history"><br></div><div class="battle-history">Snorlax used <strong>Rest</strong>!<br></div><div class="battle-history"><small>Snorlax fell asleep!</small><br></div><div class="battle-history"><small>Snorlax slept and became healthy!</small><br></div><div class="spacer battle-history"><br></div><div class="battle-history">The opposing Steelix used <strong>Roar</strong>!<br></div><div class="spacer battle-history"><br></div><div class="battle-history"><strong>Zapdos</strong> was dragged out!<br></div><div class="spacer battle-history"><br></div><div class="battle-history"><small>The opposing Steelix restored a little HP using its Leftovers!</small><br></div><div class="spacer battle-history"><br></div><h2 class="battle-history">Turn 14</h2><div class="spacer battle-history"><br></div><div class="battle-history">Zapdos used <strong>Thunder</strong>!<br></div><div class="battle-history"><small>It doesn't affect the opposing Steelix...</small><br></div><div class="spacer battle-history"><br></div><div class="battle-history">The opposing Steelix used <strong>Roar</strong>!<br></div><div class="spacer battle-history"><br></div><div class="battle-history"><strong>Snorlax</strong> was dragged out!<br></div><div class="battle-history"><small>Snorlax was hurt by the spikes!</small><br></div><div class="spacer battle-history"><br></div><div class="battle-history"><small>Snorlax restored a little HP using its Leftovers!</small><br></div><div class="battle-history"><small>The opposing Steelix restored a little HP using its Leftovers!</small><br></div><div class="spacer battle-history"><br></div><h2 class="battle-history">Turn 15</h2><div class="spacer battle-history"><br></div><div class="battle-history">Snorlax, come back!<br></div><div class="battle-history">Go! <strong>Zapdos</strong>!<br></div><div class="spacer battle-history"><br></div><div class="battle-history">The opposing Steelix used <strong>Curse</strong>!<br></div><div class="battle-history"><small>The opposing Steelix's Speed fell!</small><br></div><div class="battle-history"><small>The opposing Steelix's Attack rose!</small><br></div><div class="battle-history"><small>The opposing Steelix's Defense rose!</small><br></div><div class="spacer battle-history"><br></div><div class="battle-history"><small>The opposing Steelix restored a little HP using its Leftovers!</small><br></div><div class="spacer battle-history"><br></div><h2 class="battle-history">Turn 16</h2><div class="spacer battle-history"><br></div><div class="battle-history">Zapdos used <strong>Hidden Power</strong>!<br></div><div class="battle-history"><small>(The opposing Steelix lost 24% of its health!)</small><br></div><div class="spacer battle-history"><br></div><div class="battle-history">The opposing Steelix used <strong>Roar</strong>!<br></div><div class="spacer battle-history"><br></div><div class="battle-history"><strong>Tyranitar</strong> was dragged out!<br></div><div class="battle-history"><small>Tyranitar was hurt by the spikes!</small><br></div><div class="spacer battle-history"><br></div><div class="battle-history"><small>Tyranitar restored a little HP using its Leftovers!</small><br></div><div class="battle-history"><small>The opposing Steelix restored a little HP using its Leftovers!</small><br></div><div class="spacer battle-history"><br></div><h2 class="battle-history">Turn 17</h2><div class="spacer battle-history"><br></div><div class="battle-history">Jimmy Turtwig withdrew Steelix!<br></div><div class="battle-history">Jimmy Turtwig sent out <strong>Zapdos</strong>!<br></div><div class="spacer battle-history"><br></div><div class="battle-history">Tyranitar used <strong>Fire Blast</strong>!<br></div><div class="battle-history"><small>Tyranitar's attack missed!</small><br></div><div class="spacer battle-history"><br></div><div class="battle-history"><small>Tyranitar restored a little HP using its Leftovers!</small><br></div><div class="spacer battle-history"><br></div><h2 class="battle-history">Turn 18</h2><div class="spacer battle-history"><br></div><div class="battle-history">Tyranitar, come back!<br></div><div class="battle-history">Go! <strong>Snorlax</strong>!<br></div><div class="battle-history"><small>Snorlax was hurt by the spikes!</small><br></div><div class="spacer battle-history"><br></div><div class="battle-history">The opposing Zapdos used <strong>Thunder</strong>!<br></div><div class="battle-history"><small>(Snorlax lost 31% of its health!)</small><br></div><div class="spacer battle-history"><br></div><div class="battle-history"><small>Snorlax restored a little HP using its Leftovers!</small><br></div><div class="spacer battle-history"><br></div><h2 class="battle-history">Turn 19</h2><div class="spacer battle-history"><br></div><div class="battle-history">Jimmy Turtwig withdrew Zapdos!<br></div><div class="battle-history">Jimmy Turtwig sent out <strong>Machamp</strong>!<br></div><div class="battle-history"><small>The opposing Machamp was hurt by the spikes!</small><br></div><div class="spacer battle-history"><br></div><div class="battle-history">Snorlax is fast asleep.<br></div><div class="spacer battle-history"><br></div><div class="battle-history">Snorlax used <strong>Sleep Talk</strong>!<br></div><div class="spacer battle-history"><br></div><div class="battle-history">Snorlax used <strong>Double-Edge</strong>!<br></div><div class="battle-history"><small>(The opposing Machamp lost 48% of its health!)</small><br></div><div class="battle-history"><small>Snorlax was damaged by the recoil!</small><br></div><div class="spacer battle-history"><br></div><div class="battle-history"><small>The opposing Machamp restored a little HP using its Leftovers!</small><br></div><div class="battle-history"><small>Snorlax restored a little HP using its Leftovers!</small><br></div><div class="spacer battle-history"><br></div><h2 class="battle-history">Turn 20</h2><div class="spacer battle-history"><br></div><div class="battle-history">Snorlax, come back!<br></div><div class="battle-history">Go! <strong>Exeggutor</strong>!<br></div><div class="battle-history"><small>Exeggutor was hurt by the spikes!</small><br></div><div class="spacer battle-history"><br></div><div class="battle-history">The opposing Machamp used <strong>Rock Slide</strong>!<br></div><div class="battle-history"><small>(Exeggutor lost 20% of its health!)</small><br></div><div class="spacer battle-history"><br></div><div class="battle-history"><small>The opposing Machamp restored a little HP using its Leftovers!</small><br></div><div class="battle-history"><small>Exeggutor restored a little HP using its Leftovers!</small><br></div><div class="spacer battle-history"><br></div><h2 class="battle-history">Turn 21</h2><div class="spacer battle-history"><br></div><div class="battle-history">Jimmy Turtwig withdrew Machamp!<br></div><div class="battle-history">Jimmy Turtwig sent out <strong>Snorlax</strong>!<br></div><div class="battle-history"><small>The opposing Snorlax was hurt by the spikes!</small><br></div><div class="spacer battle-history"><br></div><div class="battle-history">Exeggutor used <strong>Stun Spore</strong>!<br></div><div class="battle-history"><small>The opposing Snorlax is already paralyzed!</small><br></div><div class="spacer battle-history"><br></div><div class="battle-history"><small>Exeggutor restored a little HP using its Leftovers!</small><br></div><div class="battle-history"><small>The opposing Snorlax restored a little HP using its Leftovers!</small><br></div><div class="spacer battle-history"><br></div><h2 class="battle-history">Turn 22</h2><div class="spacer battle-history"><br></div><div class="battle-history">Exeggutor used <strong>Psychic</strong>!<br></div><div class="battle-history"><small>(The opposing Snorlax lost 23% of its health!)</small><br></div><div class="spacer battle-history"><br></div><div class="battle-history">The opposing Snorlax is paralyzed! It can't move!<br></div><div class="spacer battle-history"><br></div><div class="battle-history"><small>Exeggutor restored a little HP using its Leftovers!</small><br></div><div class="battle-history"><small>The opposing Snorlax restored a little HP using its Leftovers!</small><br></div><div class="spacer battle-history"><br></div><h2 class="battle-history">Turn 23</h2><div class="spacer battle-history"><br></div><div class="battle-history">Exeggutor used <strong>Psychic</strong>!<br></div><div class="battle-history"><small>(The opposing Snorlax lost 21% of its health!)</small><br></div><div class="spacer battle-history"><br></div><div class="battle-history">The opposing Snorlax used <strong>Double-Edge</strong>!<br></div><div class="battle-history"><small>(Exeggutor lost 43% of its health!)</small><br></div><div class="battle-history"><small>The opposing Snorlax was damaged by the recoil!</small><br></div><div class="spacer battle-history"><br></div><div class="battle-history"><small>Exeggutor restored a little HP using its Leftovers!</small><br></div><div class="battle-history"><small>The opposing Snorlax restored a little HP using its Leftovers!</small><br></div><div class="spacer battle-history"><br></div><h2 class="battle-history">Turn 24</h2><div class="spacer battle-history"><br></div><div class="battle-history">Exeggutor used <strong>Explosion</strong>!<br></div><div class="battle-history"><small>(The opposing Snorlax lost 54% of its health!)</small><br></div><div class="spacer battle-history"><br></div><div class="battle-history">The opposing Snorlax fainted!<br></div><div class="battle-history">Exeggutor fainted!<br></div><div class="spacer battle-history"><br></div><div class="battle-history">Go! <strong>Zapdos</strong>!<br></div><div class="spacer battle-history"><br></div><div class="battle-history">Jimmy Turtwig sent out <strong>Zapdos</strong>!<br></div><div class="spacer battle-history"><br></div><h2 class="battle-history">Turn 25</h2><div class="spacer battle-history"><br></div><div class="battle-history">Zapdos used <strong>Thunder Wave</strong>!<br></div><div class="battle-history"><small>The opposing Zapdos is paralyzed! It may be unable to move!</small><br></div><div class="spacer battle-history"><br></div><div class="battle-history">The opposing Zapdos used <strong>Thunder</strong>!<br></div><div class="battle-history"><small>A critical hit!</small><br></div><div class="battle-history"><small>(Zapdos lost 89% of its health!)</small><br></div><div class="battle-history"><small>Zapdos is paralyzed! It may be unable to move!</small><br></div><div class="spacer battle-history"><br></div><div class="battle-history"><small>Zapdos restored a little HP using its Leftovers!</small><br></div><div class="spacer battle-history"><br></div><h2 class="battle-history">Turn 26</h2><div class="spacer battle-history"><br></div><div class="battle-history">Zapdos, come back!<br></div><div class="battle-history">Go! <strong>Marowak</strong>!<br></div><div class="battle-history"><small>Marowak was hurt by the spikes!</small><br></div><div class="spacer battle-history"><br></div><div class="battle-history">The opposing Zapdos used <strong>Hidden Power</strong>!<br></div><div class="battle-history"><small>It's super effective!</small><br></div><div class="battle-history"><small>(Marowak lost 48% of its health!)</small><br></div><div class="spacer battle-history"><br></div><h2 class="battle-history">Turn 27</h2><div class="spacer battle-history"><br></div><div class="battle-history">Marowak, come back!<br></div><div class="battle-history">Go! <strong>Snorlax</strong>!<br></div><div class="battle-history"><small>Snorlax was hurt by the spikes!</small><br></div><div class="spacer battle-history"><br></div><div class="battle-history">The opposing Zapdos used <strong>Hidden Power</strong>!<br></div><div class="battle-history"><small>(Snorlax lost 12% of its health!)</small><br></div><div class="spacer battle-history"><br></div><div class="battle-history"><small>Snorlax restored a little HP using its Leftovers!</small><br></div><div class="spacer battle-history"><br></div><h2 class="battle-history">Turn 28</h2><div class="chat"><div class="broadcast-green"><b>The ladder is now back.</b><br>Rated games will update the ladder now..</div></div><div class="spacer battle-history"><br></div><div class="battle-history">Jimmy Turtwig withdrew Zapdos!<br></div><div class="battle-history">Jimmy Turtwig sent out <strong>Cloyster</strong>!<br></div><div class="battle-history"><small>The opposing Cloyster was hurt by the spikes!</small><br></div><div class="spacer battle-history"><br></div><div class="battle-history">Snorlax is fast asleep.<br></div><div class="spacer battle-history"><br></div><div class="battle-history">Snorlax used <strong>Sleep Talk</strong>!<br></div><div class="spacer battle-history"><br></div><div class="battle-history">Snorlax used <strong>Double-Edge</strong>!<br></div><div class="battle-history"><small>(The opposing Cloyster lost 34% of its health!)</small><br></div><div class="battle-history"><small>Snorlax was damaged by the recoil!</small><br></div><div class="spacer battle-history"><br></div><div class="battle-history"><small>The opposing Cloyster restored a little HP using its Leftovers!</small><br></div><div class="battle-history"><small>Snorlax restored a little HP using its Leftovers!</small><br></div><div class="spacer battle-history"><br></div><h2 class="battle-history">Turn 29</h2><div class="spacer battle-history"><br></div><div class="battle-history">Snorlax, come back!<br></div><div class="battle-history">Go! <strong>Zapdos</strong>!<br></div><div class="spacer battle-history"><br></div><div class="battle-history">The opposing Cloyster used <strong>Explosion</strong>!<br></div><div class="battle-history"><small>(Zapdos lost 17% of its health!)</small><br></div><div class="spacer battle-history"><br></div><div class="battle-history">Zapdos fainted!<br></div><div class="battle-history">The opposing Cloyster fainted!<br></div><div class="spacer battle-history"><br></div><div class="battle-history">Go! <strong>Tyranitar</strong>!<br></div><div class="spacer battle-history"><br></div><div class="battle-history">Jimmy Turtwig sent out <strong>Machamp</strong>!<br></div><div class="battle-history"><small>Tyranitar was hurt by the spikes!</small><br></div><div class="battle-history"><small>The opposing Machamp was hurt by the spikes!</small><br></div><div class="spacer battle-history"><br></div><div class="battle-history"><small>Tyranitar restored a little HP using its Leftovers!</small><br></div><div class="battle-history"><small>The opposing Machamp restored a little HP using its Leftovers!</small><br></div><div class="spacer battle-history"><br></div><h2 class="battle-history">Turn 30</h2><div class="spacer battle-history"><br></div><div class="battle-history">Tyranitar used <strong>Fire Blast</strong>!<br></div><div class="battle-history"><small>(The opposing Machamp lost 26% of its health!)</small><br></div><div class="battle-history"><small>The opposing Machamp was burned!</small><br></div><div class="spacer battle-history"><br></div><div class="battle-history">The opposing Machamp used <strong>Rock Slide</strong>!<br></div><div class="battle-history"><small>(Tyranitar lost 9% of its health!)</small><br></div><div class="battle-history"><small>The opposing Machamp was hurt by its burn!</small><br></div><div class="spacer battle-history"><br></div><div class="battle-history"><small>Tyranitar restored a little HP using its Leftovers!</small><br></div><div class="battle-history"><small>The opposing Machamp restored a little HP using its Leftovers!</small><br></div><div class="spacer battle-history"><br></div><h2 class="battle-history">Turn 31</h2><div class="spacer battle-history"><br></div><div class="battle-history">Tyranitar used <strong>Rock Slide</strong>!<br></div><div class="battle-history"><small>It's not very effective...</small><br></div><div class="battle-history"><small>(The opposing Machamp lost 14% of its health!)</small><br></div><div class="spacer battle-history"><br></div><div class="battle-history">The opposing Machamp fainted!<br></div><div class="spacer battle-history"><br></div><div class="battle-history">Jimmy Turtwig sent out <strong>Zapdos</strong>!<br></div><div class="spacer battle-history"><br></div><div class="battle-history"><small>Tyranitar restored a little HP using its Leftovers!</small><br></div><div class="spacer battle-history"><br></div><h2 class="battle-history">Turn 32</h2><div class="spacer battle-history"><br></div><div class="battle-history">Tyranitar used <strong>Rock Slide</strong>!<br></div><div class="battle-history"><small>It's super effective!</small><br></div><div class="battle-history"><small>(The opposing Zapdos lost 63% of its health!)</small><br></div><div class="spacer battle-history"><br></div><div class="battle-history">The opposing Zapdos is paralyzed! It can't move!<br></div><div class="spacer battle-history"><br></div><div class="battle-history"><small>Tyranitar restored a little HP using its Leftovers!</small><br></div><div class="battle-history"><small>The opposing Zapdos restored a little HP using its Leftovers!</small><br></div><div class="spacer battle-history"><br></div><h2 class="battle-history">Turn 33</h2><div class="spacer battle-history"><br></div><div class="battle-history">Tyranitar used <strong>Rock Slide</strong>!<br></div><div class="battle-history"><small>It's super effective!</small><br></div><div class="battle-history"><small>(The opposing Zapdos lost 43% of its health!)</small><br></div><div class="spacer battle-history"><br></div><div class="battle-history">The opposing Zapdos fainted!<br></div><div class="spacer battle-history"><br></div><div class="battle-history">Jimmy Turtwig sent out <strong>Steelix</strong>!<br></div><div class="battle-history"><small>The opposing Steelix was hurt by the spikes!</small><br></div><div class="spacer battle-history"><br></div><div class="battle-history"><small>Tyranitar restored a little HP using its Leftovers!</small><br></div><div class="battle-history"><small>The opposing Steelix restored a little HP using its Leftovers!</small><br></div><div class="spacer battle-history"><br></div><h2 class="battle-history">Turn 34</h2><div class="spacer battle-history"><br></div><div class="battle-history">Tyranitar, come back!<br></div><div class="battle-history">Go! <strong>Cloyster</strong>!<br></div><div class="battle-history"><small>Cloyster was hurt by the spikes!</small><br></div><div class="spacer battle-history"><br></div><div class="battle-history">The opposing Steelix used <strong>Earthquake</strong>!<br></div><div class="battle-history"><small>(Cloyster lost 24% of its health!)</small><br></div><div class="spacer battle-history"><br></div><div class="battle-history"><small>Cloyster restored a little HP using its Leftovers!</small><br></div><div class="battle-history"><small>The opposing Steelix restored a little HP using its Leftovers!</small><br></div><div class="spacer battle-history"><br></div><h2 class="battle-history">Turn 35</h2><div class="spacer battle-history"><br></div><div class="battle-history">Cloyster is fast asleep.<br></div><div class="spacer battle-history"><br></div><div class="battle-history">The opposing Steelix used <strong>Curse</strong>!<br></div><div class="battle-history"><small>The opposing Steelix's Speed fell!</small><br></div><div class="battle-history"><small>The opposing Steelix's Attack rose!</small><br></div><div class="battle-history"><small>The opposing Steelix's Defense rose!</small><br></div><div class="spacer battle-history"><br></div><div class="battle-history"><small>Cloyster restored a little HP using its Leftovers!</small><br></div><div class="battle-history"><small>The opposing Steelix restored a little HP using its Leftovers!</small><br></div><div class="spacer battle-history"><br></div><h2 class="battle-history">Turn 36</h2><div class="spacer battle-history"><br></div><div class="battle-history">Cloyster is fast asleep.<br></div><div class="spacer battle-history"><br></div><div class="battle-history">The opposing Steelix used <strong>Earthquake</strong>!<br></div><div class="battle-history"><small>(Cloyster lost 32% of its health!)</small><br></div><div class="spacer battle-history"><br></div><div class="battle-history"><small>Cloyster restored a little HP using its Leftovers!</small><br></div><div class="battle-history"><small>The opposing Steelix restored a little HP using its Leftovers!</small><br></div><div class="spacer battle-history"><br></div><h2 class="battle-history">Turn 37</h2><div class="spacer battle-history"><br></div><div class="battle-history">Cloyster is fast asleep.<br></div><div class="spacer battle-history"><br></div><div class="battle-history">The opposing Steelix used <strong>Earthquake</strong>!<br></div><div class="battle-history"><small>(Cloyster lost 34% of its health!)</small><br></div><div class="spacer battle-history"><br></div><div class="battle-history"><small>Cloyster restored a little HP using its Leftovers!</small><br></div><div class="battle-history"><small>The opposing Steelix restored a little HP using its Leftovers!</small><br></div><div class="spacer battle-history"><br></div><h2 class="battle-history">Turn 38</h2><div class="spacer battle-history"><br></div><div class="battle-history">Cloyster is fast asleep.<br></div><div class="spacer battle-history"><br></div><div class="battle-history">The opposing Steelix used <strong>Earthquake</strong>!<br></div><div class="battle-history"><small>(Cloyster lost 21% of its health!)</small><br></div><div class="spacer battle-history"><br></div><div class="battle-history">Cloyster fainted!<br></div><div class="spacer battle-history"><br></div><div class="battle-history">Go! <strong>Tyranitar</strong>!<br></div><div class="battle-history"><small>Tyranitar was hurt by the spikes!</small><br></div><div class="spacer battle-history"><br></div><div class="battle-history"><small>Tyranitar restored a little HP using its Leftovers!</small><br></div><div class="battle-history"><small>The opposing Steelix restored a little HP using its Leftovers!</small><br></div><div class="spacer battle-history"><br></div><h2 class="battle-history">Turn 39</h2><div class="spacer battle-history"><br></div><div class="battle-history">Tyranitar used <strong>Fire Blast</strong>!<br></div><div class="battle-history"><small>Tyranitar's attack missed!</small><br></div><div class="spacer battle-history"><br></div><div class="battle-history">The opposing Steelix used <strong>Earthquake</strong>!<br></div><div class="battle-history"><small>It's super effective!</small><br></div><div class="battle-history"><small>(Tyranitar lost 24% of its health!)</small><br></div><div class="spacer battle-history"><br></div><div class="battle-history">Tyranitar fainted!<br></div><div class="spacer battle-history"><br></div><div class="battle-history">Go! <strong>Marowak</strong>!<br></div><div class="battle-history"><small>Marowak was hurt by the spikes!</small><br></div><div class="spacer battle-history"><br></div><h2 class="battle-history">Turn 40</h2><div class="spacer battle-history"><br></div><div class="battle-history">Marowak used <strong>Earthquake</strong>!<br></div><div class="battle-history"><small>It's super effective!</small><br></div><div class="battle-history"><small>(The opposing Steelix lost 45% of its health!)</small><br></div><div class="spacer battle-history"><br></div><div class="battle-history">The opposing Steelix used <strong>Earthquake</strong>!<br></div><div class="battle-history"><small>(Marowak lost 27% of its health!)</small><br></div><div class="spacer battle-history"><br></div><div class="battle-history">Marowak fainted!<br></div><div class="spacer battle-history"><br></div><div class="battle-history">Go! <strong>Snorlax</strong>!<br></div><div class="battle-history"><small>Snorlax was hurt by the spikes!</small><br></div><div class="spacer battle-history"><br></div><div class="battle-history"><small>Snorlax restored a little HP using its Leftovers!</small><br></div><div class="battle-history"><small>The opposing Steelix restored a little HP using its Leftovers!</small><br></div><div class="spacer battle-history"><br></div><h2 class="battle-history">Turn 41</h2><div class="chat chatmessage-centuryexpress"><strong style="color:#10a594"><small>☆</small><span class="username" data-name="Century Express">Century Express</span>:</strong> <em>gg</em></div><div class="chat chatmessage-jimmyturtwig"><strong style="color:#9945d2"><small>☆</small><span class="username" data-name="Jimmy Turtwig">Jimmy Turtwig</span>:</strong> <em>gg</em></div><div class="spacer battle-history"><br></div><div class="battle-history"><small>Snorlax woke up!</small><br></div><div class="spacer battle-history"><br></div><div class="battle-history">Snorlax used <strong>Rest</strong>!<br></div><div class="battle-history"><small>Snorlax fell asleep!</small><br></div><div class="battle-history"><small>Snorlax slept and became healthy!</small><br></div><div class="spacer battle-history"><br></div><div class="battle-history">The opposing Steelix used <strong>Explosion</strong>!<br></div><div class="battle-history"><small>(Snorlax lost 100% of its health!)</small><br></div><div class="spacer battle-history"><br></div><div class="battle-history">Snorlax fainted!<br></div><div class="battle-history">The opposing Steelix fainted!<br></div><div class="spacer battle-history"><br></div><div class="battle-history"><strong>Jimmy Turtwig</strong> won the battle!<br></div><div class="chat">Century Express's rating: 1199 → <strong>1161</strong><br>(-38 for losing)</div><div class="chat">Jimmy Turtwig's rating: 1000 → <strong>1068</strong><br>(+68 for winning)</div></div><div class="inner-preempt"></div></div></div>
</div>
<script>
let daily = Math.floor(Date.now()/1000/60/60/24);document.write('<script src="https://play.pokemonshowdown.com/js/replay-embed.js?version'+daily+'"></'+'script>');
</script>
