<!DOCTYPE html>
<meta charset="utf-8" />
<!-- version 1 -->
<title>[Gen 2] OU replay: Roro vs. Mr.378</title>
<style>
html,body {font-family:Verdana, sans-serif;font-size:10pt;margin:0;padding:0;}body{padding:12px 0;} .battle-log {font-family:Verdana, sans-serif;font-size:10pt;} .battle-log-inline {border:1px solid #AAAAAA;background:#EEF2F5;color:black;max-width:640px;margin:0 auto 80px;padding-bottom:5px;} .battle-log .inner {padding:4px 8px 0px 8px;} .battle-log .inner-preempt {padding:0 8px 4px 8px;} .battle-log .inner-after {margin-top:0.5em;} .battle-log h2 {margin:0.5em -8px;padding:4px 8px;border:1px solid #AAAAAA;background:#E0E7EA;border-left:0;border-right:0;font-family:Verdana, sans-serif;font-size:13pt;} .battle-log .chat {vertical-align:middle;padding:3px 0 3px 0;font-size:8pt;} .battle-log .chat strong {color:#40576A;} .battle-log .chat em {padding:1px 4px 1px 3px;color:#000000;font-style:normal;} .chat.mine {background:rgba(0,0,0,0.05);margin-left:-8px;margin-right:-8px;padding-left:8px;padding-right:8px;} .spoiler {color:#BBBBBB;background:#BBBBBB;padding:0px 3px;} .spoiler:hover, .spoiler:active, .spoiler-shown {color:#000000;background:#E2E2E2;padding:0px 3px;} .spoiler a {color:#BBBBBB;} .spoiler:hover a, .spoiler:active a, .spoiler-shown a {color:#2288CC;} .chat code, .chat .spoiler:hover code, .chat .spoiler:active code, .chat .spoiler-shown code {border:1px solid #C0C0C0;background:#EEEEEE;color:black;padding:0 2px;} .chat .spoiler code {border:1px solid #CCCCCC;background:#CCCCCC;color:#CCCCCC;} .battle-log .rated {padding:3px 4px;} .battle-log .rated strong {color:white;background:#89A;padding:1px 4px;border-radius:4px;} .spacer {margin-top:0.5em;} .message-announce {background:#6688AA;color:white;padding:1px 4px 2px;} .message-announce a, .broadcast-green a, .broadcast-blue a, .broadcast-red a {color:#DDEEFF;} .broadcast-green {background-color:#559955;color:white;padding:2px 4px;} .broadcast-blue {background-color:#6688AA;color:white;padding:2px 4px;} .infobox {border:1px solid #6688AA;padding:2px 4px;} .infobox-limited {max-height:200px;overflow:auto;overflow-x:hidden;} .broadcast-red {background-color:#AA5544;color:white;padding:2px 4px;} .message-learn-canlearn {font-weight:bold;color:#228822;text-decoration:underline;} .message-learn-cannotlearn {font-weight:bold;color:#CC2222;text-decoration:underline;} .message-effect-weak {font-weight:bold;color:#CC2222;} .message-effect-resist {font-weight:bold;color:#6688AA;} .message-effect-immune {font-weight:bold;color:#666666;} .message-learn-list {margin-top:0;margin-bottom:0;} .message-throttle-notice, .message-error {color:#992222;} .message-overflow, .chat small.message-overflow {font-size:0pt;} .message-overflow::before {font-size:9pt;content:'...';} .subtle {color:#3A4A66;}
</style>
<div class="wrapper replay-wrapper" style="max-width:1180px;margin:0 auto">
<input type="hidden" name="replayid" value="smogtours-gen2ou-265419" />
<div class="battle"></div><div class="battle-log"></div><div class="replay-controls"></div><div class="replay-controls-2"></div>
<h1 style="font-weight:normal;text-align:center"><strong>[Gen 2] OU</strong><br /><a href="http://pokemonshowdown.com/users/roro" class="subtle" target="_blank">Roro</a> vs. <a href="http://pokemonshowdown.com/users/mr378" class="subtle" target="_blank">Mr.378</a></h1>
<script type="text/plain" class="battle-log-data">|inactive|Battle timer is ON: inactive players will automatically lose when time's up.
|J|Roro
|J|Mr.378
|player|p1|Roro|226
|player|p2|Mr.378|238
|gametype|singles
|gen|2
|tier|[Gen 2] OU
|seed|33167,56534,4627,43443
|rule|Sleep Clause Mod: Limit one foe put to sleep
|rule|Species Clause: Limit one of each Pokémon
|rule|OHKO Clause: OHKO moves are banned
|rule|Evasion Moves Clause: Evasion moves are banned
|rule|HP Percentage Mod: HP is shown in percentages
|
|start
|switch|p1a: rumble|Raikou|367\/367
|switch|p2a: Raikou|Raikou|383\/383
|turn|1
|J|choolio Iglesias
|J|SamVGC ✿
|J|welliou#
|J|B KC
|J|Aurious
|J|miltankmilk*
|J|Aberforth
|J|Peasounay
|c|+B KC|Ah.
|J|DestinyUnknown
|J|Pohjis
|J|Sand Castleツ
|c|☆Roro|hf
|J|obii ☁
|J|feel da rain ♔
|c|+Aurious|go roro :v
|c|☆Mr.378|hf
|J|lets get dirty
|J|CrashinBoomBang
|J|tamahome
|J|Highways ~ ♆
|J|Freeroamer
|J|soulgazer
|J|reiku
|c|+soulgazer|in
|J|Ojama
|J|SparksBlade
|c|+feel da rain ♔|in
|J|Doncorlethrone
|c|+SparksBlade|monsieur numbers go!
|J|Lef♱iez.*
|J|uujjjj
|J|klefkwi
|c|+Sand Castleツ|in
|J|ThexBooty
|J|Syl♥ie Lyyneheym
|J|MegaKekagross
|L|MegaKekagross
|J|Ban Manaphy
|c|+obii ☁|378!!
|J|LUCK>SKILL
|J|Axel10★★★
|choice|move thunder|move thunder
|
|move|p1a: rumble|Thunder|p2a: Raikou
|-resisted|p2a: Raikou
|-damage|p2a: Raikou|310\/383
|move|p2a: Raikou|Thunder|p1a: rumble
|-resisted|p1a: rumble
|-damage|p1a: rumble|287\/367
|
|-heal|p2a: Raikou|333\/383|[from] item: Leftovers
|-heal|p1a: rumble|309\/367|[from] item: Leftovers
|upkeep
|turn|2
|J|MegaKekagross
|J|Uxali (
|J|ZyCross.
|c|+klefkwi|mr numbers
|J|Corazan
|J|Simiatic
|J|Mindnight(‽)
|J|peak of darkness
|J|obliviate
|J|Nintendi
|J|Gobi ☆ミ
|J|giara ★_★
|J|TheThorn
|J|voltasu
|L|ZyCross.
|J|Raiza
|c|+GreninjaWarrior21|:o
|choice|move thunder|move thunder
|
|move|p2a: Raikou|Thunder|p1a: rumble
|-resisted|p1a: rumble
|-damage|p1a: rumble|231\/367
|move|p1a: rumble|Thunder|p2a: Raikou|[miss]
|-miss|p1a: rumble|p2a: Raikou
|
|-heal|p2a: Raikou|356\/383|[from] item: Leftovers
|-heal|p1a: rumble|253\/367|[from] item: Leftovers
|upkeep
|turn|3
|J|kickasser
|J|zkmwk
|J|Cicada ★
|choice|move thunder|move thunder
|
|move|p1a: rumble|Thunder|p2a: Raikou
|-resisted|p2a: Raikou
|-damage|p2a: Raikou|280\/383
|move|p2a: Raikou|Thunder|p1a: rumble
|-resisted|p1a: rumble
|-damage|p1a: rumble|173\/367
|-status|p1a: rumble|par
|
|-heal|p2a: Raikou|303\/383|[from] item: Leftovers
|-heal|p1a: rumble|195\/367 par|[from] item: Leftovers
|upkeep
|turn|4
|J|Mr. Drink Yo Beer
|J|Cdumas
|L|Raiza
|choice|move rest|switch 5
|
|switch|p2a: Forretress|Forretress, M|329\/329
|cant|p1: rumble|par
|
|-heal|p1a: rumble|217\/367 par|[from] item: Leftovers
|upkeep
|turn|5
|J|HxThG3
|J|MajorBowman
|J|Good Candies
|J|Dokkerich
|J|Nihilego Centrismo
|J|purrl zZzZ
|J|ChillShadow
|J|Kurukaito ↑
|J|dk
|J|Pleasure
|J|ZyCross.
|J|i fooking hate u
|L|dk
|J|Majaspic22
|J|Rokhan
|choice|move thunder|move spikes
|
|move|p2a: Forretress|Spikes|p1a: rumble
|-sidestart|p1: Roro|Spikes
|move|p1a: rumble|Thunder|p2a: Forretress
|-damage|p2a: Forretress|108\/329
|-status|p2a: Forretress|par
|
|-heal|p1a: rumble|239\/367 par|[from] item: Leftovers
|-heal|p2a: Forretress|128\/329 par|[from] item: Leftovers
|upkeep
|turn|6
|J|Steve Angello
|J|Marshall.Law
|J|bluri
|J|Crystal_ rby
|J|ShoujoLuna''
|J|Get this Money
|choice|switch 5|switch 2
|
|switch|p1a: superstitous|Snorlax, M|523\/523
|-damage|p1a: superstitous|458\/523|[from] Spikes
|switch|p2a: Snorlax|Snorlax, M|523\/523
|
|-heal|p1a: superstitous|490\/523|[from] item: Leftovers
|upkeep
|turn|7
|J|hello u mister
|J|DeepBlueC
|choice|move curse|move doubleedge
|
|move|p1a: superstitous|Curse|p1a: superstitous
|-unboost|p1a: superstitous|spe|1
|-boost|p1a: superstitous|atk|1
|-boost|p1a: superstitous|def|1
|move|p2a: Snorlax|Double-Edge|p1a: superstitous
|-damage|p1a: superstitous|360\/523
|-damage|p2a: Snorlax|491\/523|[from] recoil|[of] p1a: superstitous
|
|-heal|p2a: Snorlax|523\/523|[from] item: Leftovers
|-heal|p1a: superstitous|392\/523|[from] item: Leftovers
|upkeep
|turn|8
|J|Foggi キング
|J|Reje-
|J|p reign
|J|rnbs
|L|kickasser
|choice|move doubleedge|switch 3
|
|switch|p2a: Skarmory|Skarmory, M|333\/333
|move|p1a: superstitous|Double-Edge|p2a: Skarmory
|-resisted|p2a: Skarmory
|-damage|p2a: Skarmory|247\/333
|-damage|p1a: superstitous|371\/523|[from] recoil|[of] p2a: Skarmory
|
|-heal|p2a: Skarmory|267\/333|[from] item: Leftovers
|-heal|p1a: superstitous|403\/523|[from] item: Leftovers
|upkeep
|turn|9
|L|Lef♱iez.*
|J|Pitaye
|choice|move lovelykiss|move whirlwind
|
|move|p1a: superstitous|Lovely Kiss|p2a: Skarmory
|-status|p2: Skarmory|slp
|cant|p2: Skarmory|slp
|
|-heal|p2a: Skarmory|287\/333 slp|[from] item: Leftovers
|-heal|p1a: superstitous|435\/523|[from] item: Leftovers
|upkeep
|turn|10
|J|parivard☎☀️
|L|Simiatic
|choice|move doubleedge|move whirlwind
|
|move|p1a: superstitous|Double-Edge|p2a: Skarmory
|-resisted|p2a: Skarmory
|-damage|p2a: Skarmory|205\/333 slp
|-damage|p1a: superstitous|415\/523|[from] recoil|[of] p2a: Skarmory
|cant|p2: Skarmory|slp
|
|-heal|p2a: Skarmory|225\/333 slp|[from] item: Leftovers
|-heal|p1a: superstitous|447\/523|[from] item: Leftovers
|upkeep
|turn|11
|L|Pitaye
|J|Joachim Chelast
|choice|switch 3|move whirlwind
|
|switch|p1a: exoskeleton|Cloyster, M|287\/287
|-damage|p1a: exoskeleton|252\/287|[from] Spikes
|-curestatus|p2a: Skarmory|slp|[msg]
|move|p2a: Skarmory|Whirlwind|p1a: exoskeleton
|drag|p1a: cargo jet|Skarmory, M|333\/333
|
|-heal|p2a: Skarmory|245\/333|[from] item: Leftovers
|upkeep
|turn|12
|J|edvc
|J|Mizuhime
|choice|switch 3|switch 5
|
|switch|p2a: Raikou|Raikou|303\/383
|switch|p1a: superstitous|Snorlax, M|447\/523
|-damage|p1a: superstitous|382\/523|[from] Spikes
|
|-heal|p2a: Raikou|326\/383|[from] item: Leftovers
|-heal|p1a: superstitous|414\/523|[from] item: Leftovers
|upkeep
|turn|13
|J|zombieinyourhead
|J|ceraa
|J|Jahim(⊙﹏⊙)
|J|zombieinyourhead
|J|kickasser
|L|uujjjj
|J|Croven
|J|uujjjj
|J|Brambane
|J|Vore Gidal
|J|icsdi lollissimo
|J|wild drud
|choice|move curse|switch 5
|
|switch|p2a: Skarmory|Skarmory, M|245\/333
|move|p1a: superstitous|Curse|p1a: superstitous
|-unboost|p1a: superstitous|spe|1
|-boost|p1a: superstitous|atk|1
|-boost|p1a: superstitous|def|1
|
|-heal|p2a: Skarmory|265\/333|[from] item: Leftovers
|-heal|p1a: superstitous|446\/523|[from] item: Leftovers
|upkeep
|turn|14
|choice|move lovelykiss|switch 6
|
|switch|p2a: Suicune|Suicune|403\/403
|move|p1a: superstitous|Lovely Kiss|p2a: Suicune|[miss]
|-miss|p1a: superstitous|p2a: Suicune
|
|-heal|p1a: superstitous|478\/523|[from] item: Leftovers
|upkeep
|turn|15
|J|1 True Lycan
|J|NeoVEVO
|J|Chillrends
|choice|move doubleedge|switch 6
|
|switch|p2a: Skarmory|Skarmory, M|265\/333
|move|p1a: superstitous|Double-Edge|p2a: Skarmory
|-resisted|p2a: Skarmory
|-damage|p2a: Skarmory|178\/333
|-damage|p1a: superstitous|457\/523|[from] recoil|[of] p2a: Skarmory
|
|-heal|p2a: Skarmory|198\/333|[from] item: Leftovers
|-heal|p1a: superstitous|489\/523|[from] item: Leftovers
|upkeep
|turn|16
|L|Jahim(⊙﹏⊙)
|choice|move doubleedge|move curse
|
|move|p2a: Skarmory|Curse|p2a: Skarmory
|-unboost|p2a: Skarmory|spe|1
|-boost|p2a: Skarmory|atk|1
|-boost|p2a: Skarmory|def|1
|move|p1a: superstitous|Double-Edge|p2a: Skarmory
|-crit|p2a: Skarmory
|-resisted|p2a: Skarmory
|-damage|p2a: Skarmory|85\/333
|-damage|p1a: superstitous|461\/523|[from] recoil|[of] p2a: Skarmory
|
|-heal|p2a: Skarmory|105\/333|[from] item: Leftovers
|-heal|p1a: superstitous|493\/523|[from] item: Leftovers
|upkeep
|turn|17
|L|Chillrends
|choice|switch 6|move rest
|
|switch|p1a: exoskeleton|Cloyster, M|252\/287
|-damage|p1a: exoskeleton|217\/287|[from] Spikes
|move|p2a: Skarmory|Rest|p2a: Skarmory
|-status|p2: Skarmory|slp
|-heal|p2a: Skarmory|333\/333 slp|[silent]
|-status|p2a: Skarmory|slp|[from] move: Rest
|
|-heal|p1a: exoskeleton|234\/287|[from] item: Leftovers
|upkeep
|turn|18
|J|Simiatic
|J|Escavalier
|J|Gene SP
|J|Aurora
|J|N01syB0y
|choice|move spikes|switch 4
|
|switch|p2a: Umbreon|Umbreon, M|393\/393
|move|p1a: exoskeleton|Spikes|p2a: Umbreon
|-sidestart|p2: Mr.378|Spikes
|
|-heal|p1a: exoskeleton|251\/287|[from] item: Leftovers
|upkeep
|turn|19
|J|toxigen734>
|J|camilas
|J|Kingler12345
|J|starmaster
|J|Bomber
|J|vyvan le
|J|Sas0 ♔
|J|Hawtplay
|J|Plaessynplaeae
|J|Zaionar
|J|Lef♱iez.*
|J|Poek ★_★
|choice|switch 3|move toxic
|
|switch|p1a: cargo jet|Skarmory, M|333\/333
|move|p2a: Umbreon|Toxic|p1a: cargo jet
|-immune|p1a: cargo jet|[msg]
|
|upkeep
|turn|20
|J|No lube for you
|L|Kingler12345
|choice|move whirlwind|move charm
|
|move|p2a: Umbreon|Charm|p1a: cargo jet
|-unboost|p1a: cargo jet|atk|2
|move|p1a: cargo jet|Whirlwind|p2a: Umbreon
|drag|p2a: Snorlax|Snorlax, M|523\/523
|-damage|p2a: Snorlax|458\/523|[from] Spikes
|
|-heal|p2a: Snorlax|490\/523|[from] item: Leftovers
|upkeep
|turn|21
|J|oddypoddy
|J|dk
|choice|move whirlwind|move fireblast
|
|move|p2a: Snorlax|Fire Blast|p1a: cargo jet
|-supereffective|p1a: cargo jet
|-damage|p1a: cargo jet|164\/333
|move|p1a: cargo jet|Whirlwind|p2a: Snorlax
|drag|p2a: Umbreon|Umbreon, M|393\/393
|-damage|p2a: Umbreon|344\/393|[from] Spikes
|
|-heal|p1a: cargo jet|184\/333|[from] item: Leftovers
|-heal|p2a: Umbreon|368\/393|[from] item: Leftovers
|upkeep
|turn|22
|L|Lef♱iez.*
|J|plumberjack
|choice|switch 5|move toxic
|
|switch|p1a: rumble|Raikou|239\/367 par
|-damage|p1a: rumble|194\/367 par|[from] Spikes
|move|p2a: Umbreon|Toxic|p1a: rumble
|-fail|p1a: rumble
|
|-heal|p2a: Umbreon|392\/393|[from] item: Leftovers
|-heal|p1a: rumble|216\/367 par|[from] item: Leftovers
|upkeep
|turn|23
|L|No lube for you
|J|Lef♱iez.*
|choice|move thunder|switch 3
|
|switch|p2a: Snorlax|Snorlax, M|490\/523
|-damage|p2a: Snorlax|425\/523|[from] Spikes
|move|p1a: rumble|Thunder|p2a: Snorlax
|-damage|p2a: Snorlax|284\/523
|
|-heal|p2a: Snorlax|316\/523|[from] item: Leftovers
|-heal|p1a: rumble|238\/367 par|[from] item: Leftovers
|upkeep
|turn|24
|J|forgotten souls oo
|choice|switch 2|move doubleedge
|
|switch|p1a: hammerin|Tyranitar, M|403\/403
|-damage|p1a: hammerin|353\/403|[from] Spikes
|move|p2a: Snorlax|Double-Edge|p1a: hammerin
|-resisted|p1a: hammerin
|-damage|p1a: hammerin|286\/403
|-damage|p2a: Snorlax|300\/523|[from] recoil|[of] p1a: hammerin
|
|-heal|p1a: hammerin|311\/403|[from] item: Leftovers
|-heal|p2a: Snorlax|332\/523|[from] item: Leftovers
|upkeep
|turn|25
|J|Eden's Embrace
|J|LJDarkrai ☯
|J|leru
|J|Ict
|choice|switch 6|switch 6
|
|switch|p1a: superstitous|Snorlax, M|493\/523
|-damage|p1a: superstitous|428\/523|[from] Spikes
|switch|p2a: Suicune|Suicune|403\/403
|-damage|p2a: Suicune|353\/403|[from] Spikes
|
|-heal|p2a: Suicune|378\/403|[from] item: Leftovers
|-heal|p1a: superstitous|460\/523|[from] item: Leftovers
|upkeep
|turn|26
|choice|move curse|switch 4
|
|switch|p2a: Skarmory|Skarmory, M|333\/333 slp
|move|p1a: superstitous|Curse|p1a: superstitous
|-unboost|p1a: superstitous|spe|1
|-boost|p1a: superstitous|atk|1
|-boost|p1a: superstitous|def|1
|
|-heal|p1a: superstitous|492\/523|[from] item: Leftovers
|upkeep
|turn|27
|J|Mazary ♔
|choice|move doubleedge|move whirlwind
|
|move|p1a: superstitous|Double-Edge|p2a: Skarmory
|-resisted|p2a: Skarmory
|-damage|p2a: Skarmory|238\/333 slp
|-damage|p1a: superstitous|469\/523|[from] recoil|[of] p2a: Skarmory
|cant|p2: Skarmory|slp
|
|-heal|p2a: Skarmory|258\/333 slp|[from] item: Leftovers
|-heal|p1a: superstitous|501\/523|[from] item: Leftovers
|upkeep
|turn|28
|choice|move doubleedge|move whirlwind
|
|move|p1a: superstitous|Double-Edge|p2a: Skarmory
|-resisted|p2a: Skarmory
|-damage|p2a: Skarmory|171\/333 slp
|-damage|p1a: superstitous|480\/523|[from] recoil|[of] p2a: Skarmory
|cant|p2: Skarmory|slp
|
|-heal|p2a: Skarmory|191\/333 slp|[from] item: Leftovers
|-heal|p1a: superstitous|512\/523|[from] item: Leftovers
|upkeep
|turn|29
|J|Zaettsu
|choice|move doubleedge|move whirlwind
|
|move|p1a: superstitous|Double-Edge|p2a: Skarmory
|-resisted|p2a: Skarmory
|-damage|p2a: Skarmory|98\/333 slp
|-damage|p1a: superstitous|489\/523|[from] recoil|[of] p2a: Skarmory
|-curestatus|p2a: Skarmory|slp|[msg]
|move|p2a: Skarmory|Whirlwind|p1a: superstitous
|drag|p1a: exoskeleton|Cloyster, M|251\/287
|-damage|p1a: exoskeleton|216\/287|[from] Spikes
|
|-heal|p1a: exoskeleton|233\/287|[from] item: Leftovers
|-heal|p2a: Skarmory|118\/333|[from] item: Leftovers
|upkeep
|turn|30
|L|Brambane
|J|Updated Kanto
|J|No lube for you
|J|KyogreF4N
|choice|switch 3|switch 3
|
|switch|p2a: Umbreon|Umbreon, M|392\/393
|-damage|p2a: Umbreon|343\/393|[from] Spikes
|switch|p1a: superstitous|Snorlax, M|489\/523
|-damage|p1a: superstitous|424\/523|[from] Spikes
|
|-heal|p2a: Umbreon|367\/393|[from] item: Leftovers
|-heal|p1a: superstitous|456\/523|[from] item: Leftovers
|upkeep
|turn|31
|J|liberty32
|L|i fooking hate u
|L|Mindnight(‽)
|choice|switch 2|move charm
|
|switch|p1a: rumble|Raikou|238\/367 par
|-damage|p1a: rumble|193\/367 par|[from] Spikes
|move|p2a: Umbreon|Charm|p1a: rumble
|-unboost|p1a: rumble|atk|2
|
|-heal|p2a: Umbreon|391\/393|[from] item: Leftovers
|-heal|p1a: rumble|215\/367 par|[from] item: Leftovers
|upkeep
|turn|32
|L|Updated Kanto
|L|liberty32
|choice|move rest|switch 5
|
|switch|p2a: Raikou|Raikou|326\/383
|-damage|p2a: Raikou|279\/383|[from] Spikes
|move|p1a: rumble|Rest|p1a: rumble
|-status|p1: rumble|slp
|-heal|p1a: rumble|367\/367 slp|[silent]
|-status|p1a: rumble|slp|[from] move: Rest
|
|-heal|p2a: Raikou|302\/383|[from] item: Leftovers
|upkeep
|turn|33
|J|Chras001
|choice|move sleeptalk|move roar
|
|cant|p1: rumble|slp
|move|p1a: rumble|Sleep Talk|p1a: rumble
|move|p1a: rumble|Hidden Power|p2a: Raikou|[from]Sleep Talk
|-damage|p2a: Raikou|244\/383
|move|p2a: Raikou|Roar|p1a: rumble
|drag|p1a: hammerin|Tyranitar, M|311\/403
|-damage|p1a: hammerin|261\/403|[from] Spikes
|
|-heal|p2a: Raikou|267\/383|[from] item: Leftovers
|-heal|p1a: hammerin|286\/403|[from] item: Leftovers
|upkeep
|turn|34
|choice|switch 6|switch 4
|
|switch|p2a: Suicune|Suicune|378\/403
|-damage|p2a: Suicune|328\/403|[from] Spikes
|switch|p1a: rumble|Raikou|367\/367 slp
|-damage|p1a: rumble|322\/367 slp|[from] Spikes
|
|-heal|p1a: rumble|344\/367 slp|[from] item: Leftovers
|-heal|p2a: Suicune|353\/403|[from] item: Leftovers
|upkeep
|turn|35
|choice|move sleeptalk|switch 6
|
|switch|p2a: Snorlax|Snorlax, M|332\/523
|-damage|p2a: Snorlax|267\/523|[from] Spikes
|cant|p1: rumble|slp
|move|p1a: rumble|Sleep Talk|p1a: rumble
|move|p1a: rumble|Hidden Power|p2a: Snorlax|[from]Sleep Talk
|-damage|p2a: Snorlax|213\/523
|
|-heal|p1a: rumble|366\/367 slp|[from] item: Leftovers
|-heal|p2a: Snorlax|245\/523|[from] item: Leftovers
|upkeep
|turn|36
|choice|switch 2|move rest
|
|switch|p1a: superstitous|Snorlax, M|456\/523
|-damage|p1a: superstitous|391\/523|[from] Spikes
|move|p2a: Snorlax|Rest|p2a: Snorlax
|-status|p2: Snorlax|slp
|-heal|p2a: Snorlax|523\/523 slp|[silent]
|-status|p2a: Snorlax|slp|[from] move: Rest
|
|-heal|p1a: superstitous|423\/523|[from] item: Leftovers
|upkeep
|turn|37
|L|Nintendi
|J|sugarhigh
|J|L0NE
|J|Prototypz
|L|uujjjj
|J|uujjjj
|L|Doncorlethrone
|L|Good Candies
|J|Good Candies
|J|Ark
|L|Steve Angello
|L|Chras001
|J|Nintendi
|J|Steve Angello
|choice|move doubleedge|move lovelykiss
|
|cant|p2: Snorlax|slp
|move|p1a: superstitous|Double-Edge|p2a: Snorlax
|-damage|p2a: Snorlax|331\/523 slp
|-damage|p1a: superstitous|375\/523|[from] recoil|[of] p2a: Snorlax
|
|-heal|p1a: superstitous|407\/523|[from] item: Leftovers
|-heal|p2a: Snorlax|363\/523 slp|[from] item: Leftovers
|upkeep
|turn|38
|L|N01syB0y
|choice|move curse|move lovelykiss
|
|cant|p2: Snorlax|slp
|move|p1a: superstitous|Curse|p1a: superstitous
|-unboost|p1a: superstitous|spe|1
|-boost|p1a: superstitous|atk|1
|-boost|p1a: superstitous|def|1
|
|-heal|p2a: Snorlax|395\/523 slp|[from] item: Leftovers
|-heal|p1a: superstitous|439\/523|[from] item: Leftovers
|upkeep
|turn|39
|L|parivard☎☀️
|L|ThexBooty
|L|uujjjj
|J|WhiteLion♜
|choice|move doubleedge|move lovelykiss
|
|-curestatus|p2a: Snorlax|slp|[msg]
|move|p2a: Snorlax|Lovely Kiss|p1a: superstitous
|-status|p1: superstitous|slp
|cant|p1: superstitous|slp
|
|-heal|p2a: Snorlax|427\/523|[from] item: Leftovers
|-heal|p1a: superstitous|471\/523 slp|[from] item: Leftovers
|upkeep
|turn|40
|L|starmaster
|J|uujjjj
|J|Amaroq
|L|peak of darkness
|J|ThexBooty
|J|el tekila
|choice|move doubleedge|switch 3
|
|switch|p2a: Skarmory|Skarmory, M|118\/333
|cant|p1: superstitous|slp
|
|-heal|p2a: Skarmory|138\/333|[from] item: Leftovers
|-heal|p1a: superstitous|503\/523 slp|[from] item: Leftovers
|upkeep
|turn|41
|choice|move doubleedge|move whirlwind
|
|cant|p1: superstitous|slp
|move|p2a: Skarmory|Whirlwind|p1a: superstitous
|drag|p1a: exoskeleton|Cloyster, M|233\/287
|-damage|p1a: exoskeleton|198\/287|[from] Spikes
|
|-heal|p2a: Skarmory|158\/333|[from] item: Leftovers
|-heal|p1a: exoskeleton|215\/287|[from] item: Leftovers
|upkeep
|turn|42
|J|liberty32
|J|peak of darkness
|L|LUCK>SKILL
|L|tamahome
|J|Becks
|L|Becks
|L|liberty32
|J|Wyn ヽ(^。^)丿
|J|starmaster
|choice|move icebeam|switch 5
|
|switch|p2a: Umbreon|Umbreon, M|391\/393
|-damage|p2a: Umbreon|342\/393|[from] Spikes
|move|p1a: exoskeleton|Ice Beam|p2a: Umbreon
|-damage|p2a: Umbreon|251\/393
|
|-heal|p1a: exoskeleton|232\/287|[from] item: Leftovers
|-heal|p2a: Umbreon|275\/393|[from] item: Leftovers
|upkeep
|turn|43
|J|Raiza
|J|blinkboy
|choice|switch 2|move pursuit
|
|-activate|p1a: exoskeleton|move: Pursuit
|move|p2a: Umbreon|Pursuit|p1a: exoskeleton|[from]Pursuit
|-damage|p1a: exoskeleton|130\/287
|switch|p1a: rumble|Raikou|366\/367 slp
|-damage|p1a: rumble|321\/367 slp|[from] Spikes
|
|-heal|p1a: rumble|343\/367 slp|[from] item: Leftovers
|-heal|p2a: Umbreon|299\/393|[from] item: Leftovers
|upkeep
|turn|44
|L|starmaster
|L|Rokhan
|J|edgar
|choice|move thunder|switch 4
|
|switch|p2a: Raikou|Raikou|267\/383
|-damage|p2a: Raikou|220\/383|[from] Spikes
|-curestatus|p1a: rumble|slp|[msg]
|move|p1a: rumble|Thunder|p2a: Raikou
|-resisted|p2a: Raikou
|-damage|p2a: Raikou|147\/383
|
|-heal|p1a: rumble|365\/367|[from] item: Leftovers
|-heal|p2a: Raikou|170\/383|[from] item: Leftovers
|upkeep
|turn|45
|J|pherosinoestarota
|J|rojovsred
|J|TRS3❄
|choice|move thunder|move rest
|
|move|p2a: Raikou|Rest|p2a: Raikou
|-status|p2: Raikou|slp
|-heal|p2a: Raikou|383\/383 slp|[silent]
|-status|p2a: Raikou|slp|[from] move: Rest
|move|p1a: rumble|Thunder|p2a: Raikou
|-resisted|p2a: Raikou
|-damage|p2a: Raikou|306\/383 slp
|
|-heal|p2a: Raikou|329\/383 slp|[from] item: Leftovers
|-heal|p1a: rumble|367\/367|[from] item: Leftovers
|upkeep
|turn|46
|L|Croven
|choice|switch 3|move thunder
|
|switch|p1a: superstitous|Snorlax, M|503\/523 slp
|-damage|p1a: superstitous|438\/523 slp|[from] Spikes
|cant|p2: Raikou|slp
|
|-heal|p2a: Raikou|352\/383 slp|[from] item: Leftovers
|-heal|p1a: superstitous|470\/523 slp|[from] item: Leftovers
|upkeep
|turn|47
|J|Alastor Law
|L|Alastor Law
|L|No lube for you
|J|SweetPosho
|choice|move doubleedge|switch 3
|
|switch|p2a: Snorlax|Snorlax, M|427\/523
|-damage|p2a: Snorlax|362\/523|[from] Spikes
|cant|p1: superstitous|slp
|
|-heal|p1a: superstitous|502\/523 slp|[from] item: Leftovers
|-heal|p2a: Snorlax|394\/523|[from] item: Leftovers
|upkeep
|turn|48
|J|Alastor Law
|choice|move lovelykiss|move doubleedge
|
|move|p2a: Snorlax|Double-Edge|p1a: superstitous
|-damage|p1a: superstitous|295\/523 slp
|-damage|p2a: Snorlax|343\/523|[from] recoil|[of] p1a: superstitous
|-curestatus|p1a: superstitous|slp|[msg]
|move|p1a: superstitous|Lovely Kiss|p2a: Snorlax|[miss]
|-miss|p1a: superstitous|p2a: Snorlax
|
|-heal|p1a: superstitous|327\/523|[from] item: Leftovers
|-heal|p2a: Snorlax|375\/523|[from] item: Leftovers
|upkeep
|turn|49
|choice|move lovelykiss|move lovelykiss
|
|move|p1a: superstitous|Lovely Kiss|p2a: Snorlax
|-status|p2: Snorlax|slp
|cant|p2: Snorlax|slp
|
|-heal|p2a: Snorlax|407\/523 slp|[from] item: Leftovers
|-heal|p1a: superstitous|359\/523|[from] item: Leftovers
|upkeep
|turn|50
|choice|switch 3|switch 5
|
|switch|p1a: rumble|Raikou|367\/367
|-damage|p1a: rumble|322\/367|[from] Spikes
|switch|p2a: Skarmory|Skarmory, M|158\/333
|
|-heal|p1a: rumble|344\/367|[from] item: Leftovers
|-heal|p2a: Skarmory|178\/333|[from] item: Leftovers
|upkeep
|turn|51
|J|starmaster
|choice|switch 3|switch 3
|
|switch|p1a: superstitous|Snorlax, M|359\/523
|-damage|p1a: superstitous|294\/523|[from] Spikes
|switch|p2a: Raikou|Raikou|352\/383 slp
|-damage|p2a: Raikou|305\/383 slp|[from] Spikes
|
|-heal|p2a: Raikou|328\/383 slp|[from] item: Leftovers
|-heal|p1a: superstitous|326\/523|[from] item: Leftovers
|upkeep
|turn|52
|J|Mephet
|choice|switch 6|switch 3
|
|switch|p2a: Skarmory|Skarmory, M|178\/333
|switch|p1a: hammerin|Tyranitar, M|286\/403
|-damage|p1a: hammerin|236\/403|[from] Spikes
|
|-heal|p2a: Skarmory|198\/333|[from] item: Leftovers
|-heal|p1a: hammerin|261\/403|[from] item: Leftovers
|upkeep
|turn|53
|choice|move roar|switch 6
|
|switch|p2a: Suicune|Suicune|353\/403
|-damage|p2a: Suicune|303\/403|[from] Spikes
|move|p1a: hammerin|Roar|p2a: Suicune
|drag|p2a: Skarmory|Skarmory, M|198\/333
|
|-heal|p2a: Skarmory|218\/333|[from] item: Leftovers
|-heal|p1a: hammerin|286\/403|[from] item: Leftovers
|upkeep
|turn|54
|J|Kingler12345
|L|Ojama
|choice|move pursuit|switch 6
|
|-activate|p2a: Skarmory|move: Pursuit
|move|p1a: hammerin|Pursuit|p2a: Skarmory|[from]Pursuit
|-resisted|p2a: Skarmory
|-damage|p2a: Skarmory|162\/333
|switch|p2a: Suicune|Suicune|303\/403
|-damage|p2a: Suicune|253\/403|[from] Spikes
|
|-heal|p2a: Suicune|278\/403|[from] item: Leftovers
|-heal|p1a: hammerin|311\/403|[from] item: Leftovers
|upkeep
|turn|55
|J|Ojama
|L|uujjjj
|L|vyvan le
|J|Accelgor⏫
|J|uujjjj
|choice|switch 3|move icebeam
|
|switch|p1a: rumble|Raikou|344\/367
|-damage|p1a: rumble|299\/367|[from] Spikes
|move|p2a: Suicune|Ice Beam|p1a: rumble
|-damage|p1a: rumble|231\/367
|
|-heal|p1a: rumble|253\/367|[from] item: Leftovers
|-heal|p2a: Suicune|303\/403|[from] item: Leftovers
|upkeep
|turn|56
|choice|switch 6|switch 3
|
|switch|p1a: superstitous|Snorlax, M|326\/523
|-damage|p1a: superstitous|261\/523|[from] Spikes
|switch|p2a: Raikou|Raikou|328\/383 slp
|-damage|p2a: Raikou|281\/383 slp|[from] Spikes
|
|-heal|p2a: Raikou|304\/383 slp|[from] item: Leftovers
|-heal|p1a: superstitous|293\/523|[from] item: Leftovers
|upkeep
|turn|57
|choice|move doubleedge|switch 6
|
|switch|p2a: Skarmory|Skarmory, M|162\/333
|move|p1a: superstitous|Double-Edge|p2a: Skarmory
|-resisted|p2a: Skarmory
|-damage|p2a: Skarmory|108\/333
|-damage|p1a: superstitous|280\/523|[from] recoil|[of] p2a: Skarmory
|
|-heal|p2a: Skarmory|128\/333|[from] item: Leftovers
|-heal|p1a: superstitous|312\/523|[from] item: Leftovers
|upkeep
|turn|58
|L|dk
|choice|move curse|move curse
|
|move|p2a: Skarmory|Curse|p2a: Skarmory
|-unboost|p2a: Skarmory|spe|1
|-boost|p2a: Skarmory|atk|1
|-boost|p2a: Skarmory|def|1
|move|p1a: superstitous|Curse|p1a: superstitous
|-unboost|p1a: superstitous|spe|1
|-boost|p1a: superstitous|atk|1
|-boost|p1a: superstitous|def|1
|
|-heal|p2a: Skarmory|148\/333|[from] item: Leftovers
|-heal|p1a: superstitous|344\/523|[from] item: Leftovers
|upkeep
|turn|59
|choice|move doubleedge|move curse
|
|move|p2a: Skarmory|Curse|p2a: Skarmory
|-unboost|p2a: Skarmory|spe|1
|-boost|p2a: Skarmory|atk|1
|-boost|p2a: Skarmory|def|1
|move|p1a: superstitous|Double-Edge|p2a: Skarmory
|-resisted|p2a: Skarmory
|-damage|p2a: Skarmory|102\/333
|-damage|p1a: superstitous|333\/523|[from] recoil|[of] p2a: Skarmory
|
|-heal|p2a: Skarmory|122\/333|[from] item: Leftovers
|-heal|p1a: superstitous|365\/523|[from] item: Leftovers
|upkeep
|turn|60
|choice|switch 3|move drillpeck
|
|switch|p1a: hammerin|Tyranitar, M|311\/403
|-damage|p1a: hammerin|261\/403|[from] Spikes
|move|p2a: Skarmory|Drill Peck|p1a: hammerin
|-resisted|p1a: hammerin
|-damage|p1a: hammerin|179\/403
|
|-heal|p1a: hammerin|204\/403|[from] item: Leftovers
|-heal|p2a: Skarmory|142\/333|[from] item: Leftovers
|upkeep
|turn|61
|J|THE TORNADOES
|choice|move pursuit|switch 3
|
|-activate|p2a: Skarmory|move: Pursuit
|move|p1a: hammerin|Pursuit|p2a: Skarmory|[from]Pursuit
|-resisted|p2a: Skarmory
|-damage|p2a: Skarmory|83\/333
|switch|p2a: Suicune|Suicune|303\/403
|-damage|p2a: Suicune|253\/403|[from] Spikes
|
|-heal|p2a: Suicune|278\/403|[from] item: Leftovers
|-heal|p1a: hammerin|229\/403|[from] item: Leftovers
|upkeep
|turn|62
|choice|switch 6|move surf
|
|switch|p1a: rumble|Raikou|253\/367
|-damage|p1a: rumble|208\/367|[from] Spikes
|move|p2a: Suicune|Surf|p1a: rumble
|-damage|p1a: rumble|111\/367
|
|-heal|p1a: rumble|133\/367|[from] item: Leftovers
|-heal|p2a: Suicune|303\/403|[from] item: Leftovers
|upkeep
|turn|63
|J|ETERNAL SPIRIT ♔
|J|Loveless Box
|J|GOAO
|choice|move thunder|switch 6
|
|switch|p2a: Raikou|Raikou|304\/383 slp
|-damage|p2a: Raikou|257\/383 slp|[from] Spikes
|move|p1a: rumble|Thunder|p2a: Raikou
|-resisted|p2a: Raikou
|-damage|p2a: Raikou|180\/383 slp
|
|-heal|p2a: Raikou|203\/383 slp|[from] item: Leftovers
|-heal|p1a: rumble|155\/367|[from] item: Leftovers
|upkeep
|turn|64
|L|pherosinoestarota
|choice|move rest|move thunder
|
|move|p1a: rumble|Rest|p1a: rumble
|-status|p1: rumble|slp
|-heal|p1a: rumble|367\/367 slp|[silent]
|-status|p1a: rumble|slp|[from] move: Rest
|cant|p2: Raikou|slp
|
|-heal|p2a: Raikou|226\/383 slp|[from] item: Leftovers
|upkeep
|turn|65
|L|SweetPosho
|choice|move sleeptalk|move roar
|
|cant|p1: rumble|slp
|move|p1a: rumble|Sleep Talk|p1a: rumble
|move|p1a: rumble|Thunder|p2a: Raikou|[from]Sleep Talk
|-resisted|p2a: Raikou
|-damage|p2a: Raikou|146\/383 slp
|-curestatus|p2a: Raikou|slp|[msg]
|move|p2a: Raikou|Roar|p1a: rumble
|drag|p1a: hammerin|Tyranitar, M|229\/403
|-damage|p1a: hammerin|179\/403|[from] Spikes
|
|-heal|p2a: Raikou|169\/383|[from] item: Leftovers
|-heal|p1a: hammerin|204\/403|[from] item: Leftovers
|upkeep
|turn|66
|J|Lacus Clyne
|choice|switch 6|move roar
|
|switch|p1a: rumble|Raikou|367\/367 slp
|-damage|p1a: rumble|322\/367 slp|[from] Spikes
|move|p2a: Raikou|Roar|p1a: rumble
|drag|p1a: hammerin|Tyranitar, M|204\/403
|-damage|p1a: hammerin|154\/403|[from] Spikes
|
|-heal|p2a: Raikou|192\/383|[from] item: Leftovers
|-heal|p1a: hammerin|179\/403|[from] item: Leftovers
|upkeep
|turn|67
|L|plumberjack
|J|Miles Tails
|choice|switch 6|switch 6
|
|switch|p2a: Suicune|Suicune|303\/403
|-damage|p2a: Suicune|253\/403|[from] Spikes
|switch|p1a: rumble|Raikou|322\/367 slp
|-damage|p1a: rumble|277\/367 slp|[from] Spikes
|
|-heal|p1a: rumble|299\/367 slp|[from] item: Leftovers
|-heal|p2a: Suicune|278\/403|[from] item: Leftovers
|upkeep
|turn|68
|J|plumberjack
|choice|switch 3|switch 6
|
|switch|p1a: superstitous|Snorlax, M|365\/523
|-damage|p1a: superstitous|300\/523|[from] Spikes
|switch|p2a: Raikou|Raikou|192\/383
|-damage|p2a: Raikou|145\/383|[from] Spikes
|
|-heal|p2a: Raikou|168\/383|[from] item: Leftovers
|-heal|p1a: superstitous|332\/523|[from] item: Leftovers
|upkeep
|turn|69
|J|Lord Ninjax
|J|Kushalos
|J|SweetPosho
|L|Accelgor⏫
|L|SweetPosho
|choice|switch 6|switch 4
|
|switch|p2a: Umbreon|Umbreon, M|299\/393
|-damage|p2a: Umbreon|250\/393|[from] Spikes
|switch|p1a: hammerin|Tyranitar, M|179\/403
|-damage|p1a: hammerin|129\/403|[from] Spikes
|
|-heal|p2a: Umbreon|274\/393|[from] item: Leftovers
|-heal|p1a: hammerin|154\/403|[from] item: Leftovers
|upkeep
|turn|70
|L|GreninjaWarrior21
|J|N01syB0y
|J|eureka thurston
|choice|switch 3|move toxic
|
|switch|p1a: rumble|Raikou|299\/367 slp
|-damage|p1a: rumble|254\/367 slp|[from] Spikes
|move|p2a: Umbreon|Toxic|p1a: rumble
|-fail|p1a: rumble
|
|-heal|p1a: rumble|276\/367 slp|[from] item: Leftovers
|-heal|p2a: Umbreon|298\/393|[from] item: Leftovers
|upkeep
|turn|71
|J|SweetPosho
|J|Donphantastic
|L|Nintendi
|choice|switch 6|switch 4
|
|switch|p1a: superstitous|Snorlax, M|332\/523
|-damage|p1a: superstitous|267\/523|[from] Spikes
|switch|p2a: Raikou|Raikou|168\/383
|-damage|p2a: Raikou|121\/383|[from] Spikes
|
|-heal|p2a: Raikou|144\/383|[from] item: Leftovers
|-heal|p1a: superstitous|299\/523|[from] item: Leftovers
|upkeep
|turn|72
|J|Nintendi
|L|WhiteLion♜
|choice|move doubleedge|switch 4
|
|switch|p2a: Umbreon|Umbreon, M|298\/393
|-damage|p2a: Umbreon|249\/393|[from] Spikes
|move|p1a: superstitous|Double-Edge|p2a: Umbreon
|-damage|p2a: Umbreon|116\/393
|-damage|p1a: superstitous|266\/523|[from] recoil|[of] p2a: Umbreon
|
|-heal|p2a: Umbreon|140\/393|[from] item: Leftovers
|-heal|p1a: superstitous|298\/523|[from] item: Leftovers
|upkeep
|turn|73
|J|hellpowna
|J|No lube for you
|choice|move doubleedge|move moonlight
|
|move|p2a: Umbreon|Moonlight|p2a: Umbreon
|-heal|p2a: Umbreon|336\/393
|move|p1a: superstitous|Double-Edge|p2a: Umbreon
|-damage|p2a: Umbreon|194\/393
|-damage|p1a: superstitous|263\/523|[from] recoil|[of] p2a: Umbreon
|
|-heal|p2a: Umbreon|218\/393|[from] item: Leftovers
|-heal|p1a: superstitous|295\/523|[from] item: Leftovers
|upkeep
|turn|74
|J|WhiteLion♜
|L|Donphantastic
|J|Updated Kanto
|J|Donphantastic
|choice|switch 6|move toxic
|
|switch|p1a: rumble|Raikou|276\/367 slp
|-damage|p1a: rumble|231\/367 slp|[from] Spikes
|move|p2a: Umbreon|Toxic|p1a: rumble
|-fail|p1a: rumble
|
|-heal|p1a: rumble|253\/367 slp|[from] item: Leftovers
|-heal|p2a: Umbreon|242\/393|[from] item: Leftovers
|upkeep
|turn|75
|J|Karppi
|L|uujjjj
|J|DESTINY DEVICE
|J|caliente444
|choice|move thunder|move toxic
|
|cant|p1: rumble|slp
|move|p2a: Umbreon|Toxic|p1a: rumble|[miss]
|-miss|p2a: Umbreon|p1a: rumble
|
|-heal|p1a: rumble|275\/367 slp|[from] item: Leftovers
|-heal|p2a: Umbreon|266\/393|[from] item: Leftovers
|upkeep
|turn|76
|J|uujjjj
|choice|move thunder|move toxic
|
|-curestatus|p1a: rumble|slp|[msg]
|move|p1a: rumble|Thunder|p2a: Umbreon
|-damage|p2a: Umbreon|127\/393
|move|p2a: Umbreon|Toxic|p1a: rumble
|-status|p1a: rumble|tox
|
|-heal|p1a: rumble|297\/367 tox|[from] item: Leftovers
|-heal|p2a: Umbreon|151\/393|[from] item: Leftovers
|upkeep
|turn|77
|L|WhiteLion♜
|L|Lord Ninjax
|L|starmaster
|choice|move thunder|move moonlight
|
|move|p1a: rumble|Thunder|p2a: Umbreon
|-damage|p2a: Umbreon|20\/393
|-damage|p1a: rumble|275\/367 tox|[from] tox|[of] p2a: Umbreon
|move|p2a: Umbreon|Moonlight|p2a: Umbreon
|-heal|p2a: Umbreon|216\/393
|
|-heal|p1a: rumble|297\/367 tox|[from] item: Leftovers
|-heal|p2a: Umbreon|240\/393|[from] item: Leftovers
|upkeep
|turn|78
|L|uujjjj
|J|WhiteLion♜
|choice|switch 6|switch 4
|
|switch|p1a: superstitous|Snorlax, M|295\/523
|-damage|p1a: superstitous|230\/523|[from] Spikes
|switch|p2a: Raikou|Raikou|144\/383
|-damage|p2a: Raikou|97\/383|[from] Spikes
|
|-heal|p2a: Raikou|120\/383|[from] item: Leftovers
|-heal|p1a: superstitous|262\/523|[from] item: Leftovers
|upkeep
|turn|79
|L|Zaionar
|J|antemortem
|L|Steve Angello
|J|9ft
|choice|move doubleedge|switch 3
|
|switch|p2a: Skarmory|Skarmory, M|83\/333
|move|p1a: superstitous|Double-Edge|p2a: Skarmory
|-resisted|p2a: Skarmory
|-damage|p2a: Skarmory|22\/333
|-damage|p1a: superstitous|247\/523|[from] recoil|[of] p2a: Skarmory
|
|-heal|p2a: Skarmory|42\/333|[from] item: Leftovers
|-heal|p1a: superstitous|279\/523|[from] item: Leftovers
|upkeep
|turn|80
|J|uujjjj
|J|Ninja''
|L|Foggi キング
|choice|switch 2|move rest
|
|switch|p1a: exoskeleton|Cloyster, M|130\/287
|-damage|p1a: exoskeleton|95\/287|[from] Spikes
|move|p2a: Skarmory|Rest|p2a: Skarmory
|-status|p2: Skarmory|slp
|-heal|p2a: Skarmory|333\/333 slp|[silent]
|-status|p2a: Skarmory|slp|[from] move: Rest
|
|-heal|p1a: exoskeleton|112\/287|[from] item: Leftovers
|upkeep
|turn|81
|choice|move hiddenpower|switch 4
|
|switch|p2a: Umbreon|Umbreon, M|240\/393
|-damage|p2a: Umbreon|191\/393|[from] Spikes
|move|p1a: exoskeleton|Hidden Power|p2a: Umbreon
|-damage|p2a: Umbreon|149\/393
|
|-heal|p1a: exoskeleton|129\/287|[from] item: Leftovers
|-heal|p2a: Umbreon|173\/393|[from] item: Leftovers
|upkeep
|turn|82
|J|Esteemed User
|J|BHARATH_THEBEST
|L|ZyCross.
|choice|move icebeam|move toxic
|
|move|p1a: exoskeleton|Ice Beam|p2a: Umbreon
|-damage|p2a: Umbreon|89\/393
|-status|p2a: Umbreon|frz
|cant|p2a: Umbreon|frz
|
|-heal|p1a: exoskeleton|146\/287|[from] item: Leftovers
|-heal|p2a: Umbreon|113\/393 frz|[from] item: Leftovers
|upkeep
|turn|83
|L|9ft
|J|Level 51
|J|ZyCross.
|J|9ft
|L|N01syB0y
|L|ZyCross.
|L|ThexBooty
|choice|move icebeam|move moonlight
|
|move|p1a: exoskeleton|Ice Beam|p2a: Umbreon
|-damage|p2a: Umbreon|31\/393 frz
|cant|p2a: Umbreon|frz
|
|-heal|p1a: exoskeleton|163\/287|[from] item: Leftovers
|-heal|p2a: Umbreon|55\/393 frz|[from] item: Leftovers
|upkeep
|turn|84
|J|AgraGrega
|L|Updated Kanto
|L|Level 51
|L|NeoVEVO
|choice|switch 2|move moonlight
|
|switch|p1a: superstitous|Snorlax, M|279\/523
|-damage|p1a: superstitous|214\/523|[from] Spikes
|cant|p2a: Umbreon|frz
|
|-heal|p2a: Umbreon|79\/393 frz|[from] item: Leftovers
|-heal|p1a: superstitous|246\/523|[from] item: Leftovers
|upkeep
|turn|85
|J|TML
|choice|move doubleedge|switch 4
|
|switch|p2a: Skarmory|Skarmory, M|333\/333 slp
|move|p1a: superstitous|Double-Edge|p2a: Skarmory
|-resisted|p2a: Skarmory
|-damage|p2a: Skarmory|275\/333 slp
|-damage|p1a: superstitous|232\/523|[from] recoil|[of] p2a: Skarmory
|
|-heal|p2a: Skarmory|295\/333 slp|[from] item: Leftovers
|-heal|p1a: superstitous|264\/523|[from] item: Leftovers
|upkeep
|turn|86
|L|9ft
|L|TML
|J|tapu kuku
|choice|switch 6|move drillpeck
|
|switch|p1a: rumble|Raikou|297\/367 tox
|-status|p1a: rumble|psn
|-damage|p1a: rumble|252\/367 psn|[from] Spikes
|-damage|p1a: rumble|207\/367 psn|[from] psn
|cant|p2: Skarmory|slp
|
|-heal|p1a: rumble|229\/367 psn|[from] item: Leftovers
|-heal|p2a: Skarmory|315\/333 slp|[from] item: Leftovers
|upkeep
|turn|87
|choice|move hiddenpower|switch 5
|
|switch|p2a: Snorlax|Snorlax, M|407\/523 slp
|-damage|p2a: Snorlax|342\/523 slp|[from] Spikes
|move|p1a: rumble|Hidden Power|p2a: Snorlax
|-damage|p2a: Snorlax|280\/523 slp
|-damage|p1a: rumble|184\/367 psn|[from] psn|[of] p2a: Snorlax
|
|-heal|p1a: rumble|206\/367 psn|[from] item: Leftovers
|-heal|p2a: Snorlax|312\/523 slp|[from] item: Leftovers
|upkeep
|turn|88
|choice|move thunder|move rest
|
|move|p1a: rumble|Thunder|p2a: Snorlax
|-damage|p2a: Snorlax|177\/523 slp
|-damage|p1a: rumble|161\/367 psn|[from] psn|[of] p2a: Snorlax
|cant|p2: Snorlax|slp
|
|-heal|p1a: rumble|183\/367 psn|[from] item: Leftovers
|-heal|p2a: Snorlax|209\/523 slp|[from] item: Leftovers
|upkeep
|turn|89
|choice|switch 3|move rest
|
|switch|p1a: hammerin|Tyranitar, M|154\/403
|-damage|p1a: hammerin|104\/403|[from] Spikes
|cant|p2: Snorlax|slp
|
|-heal|p1a: hammerin|129\/403|[from] item: Leftovers
|-heal|p2a: Snorlax|241\/523 slp|[from] item: Leftovers
|upkeep
|turn|90
|J|ThexBooty
|L|tapu kuku
|L|Donphantastic
|choice|move roar|move rest
|
|-curestatus|p2a: Snorlax|slp|[msg]
|move|p2a: Snorlax|Rest|p2a: Snorlax
|-status|p2: Snorlax|slp
|-heal|p2a: Snorlax|523\/523 slp|[silent]
|-status|p2a: Snorlax|slp|[from] move: Rest
|move|p1a: hammerin|Roar|p2a: Snorlax
|drag|p2a: Suicune|Suicune|278\/403
|-damage|p2a: Suicune|228\/403|[from] Spikes
|
|-heal|p2a: Suicune|253\/403|[from] item: Leftovers
|-heal|p1a: hammerin|154\/403|[from] item: Leftovers
|upkeep
|turn|91
|L|zkmwk
|choice|switch 3|move icebeam
|
|switch|p1a: rumble|Raikou|183\/367 psn
|-damage|p1a: rumble|138\/367 psn|[from] Spikes
|-damage|p1a: rumble|93\/367 psn|[from] psn
|move|p2a: Suicune|Ice Beam|p1a: rumble
|-damage|p1a: rumble|19\/367 psn
|
|-heal|p1a: rumble|41\/367 psn|[from] item: Leftovers
|-heal|p2a: Suicune|278\/403|[from] item: Leftovers
|upkeep
|turn|92
|J|tapu kuku
|J|Empo
|J|Znain
|choice|move rest|switch 6
|
|switch|p2a: Snorlax|Snorlax, M|523\/523 slp
|-damage|p2a: Snorlax|458\/523 slp|[from] Spikes
|move|p1a: rumble|Rest|p1a: rumble
|-status|p1: rumble|slp
|-heal|p1a: rumble|367\/367 slp|[silent]
|-status|p1a: rumble|slp|[from] move: Rest
|
|-heal|p2a: Snorlax|490\/523 slp|[from] item: Leftovers
|upkeep
|turn|93
|L|tapu kuku
|J|nao gosto de stall
|J|starmaster
|J|world b free
|J|soviet
|choice|move sleeptalk|move doubleedge
|
|cant|p1: rumble|slp
|move|p1a: rumble|Sleep Talk|p1a: rumble
|move|p1a: rumble|Thunder|p2a: Snorlax|[from]Sleep Talk
|-damage|p2a: Snorlax|338\/523 slp
|cant|p2: Snorlax|slp
|
|-heal|p2a: Snorlax|370\/523 slp|[from] item: Leftovers
|upkeep
|turn|94
|J|9ft
|L|starmaster
|choice|switch 3|move doubleedge
|
|switch|p1a: hammerin|Tyranitar, M|154\/403
|-damage|p1a: hammerin|104\/403|[from] Spikes
|cant|p2: Snorlax|slp
|
|-heal|p1a: hammerin|129\/403|[from] item: Leftovers
|-heal|p2a: Snorlax|402\/523 slp|[from] item: Leftovers
|upkeep
|turn|95
|choice|move rockslide|move doubleedge
|
|move|p1a: hammerin|Rock Slide|p2a: Snorlax|[miss]
|-miss|p1a: hammerin|p2a: Snorlax
|-curestatus|p2a: Snorlax|slp|[msg]
|move|p2a: Snorlax|Double-Edge|p1a: hammerin
|-resisted|p1a: hammerin
|-damage|p1a: hammerin|63\/403
|-damage|p2a: Snorlax|386\/523|[from] recoil|[of] p1a: hammerin
|
|-heal|p1a: hammerin|88\/403|[from] item: Leftovers
|-heal|p2a: Snorlax|418\/523|[from] item: Leftovers
|upkeep
|turn|96
|J|Sasa (Maybe)
|J|Chras001
|choice|move rockslide|move doubleedge
|
|move|p1a: hammerin|Rock Slide|p2a: Snorlax|[miss]
|-miss|p1a: hammerin|p2a: Snorlax
|move|p2a: Snorlax|Double-Edge|p1a: hammerin
|-resisted|p1a: hammerin
|-damage|p1a: hammerin|18\/403
|-damage|p2a: Snorlax|401\/523|[from] recoil|[of] p1a: hammerin
|
|-heal|p1a: hammerin|43\/403|[from] item: Leftovers
|-heal|p2a: Snorlax|433\/523|[from] item: Leftovers
|upkeep
|turn|97
|J|starmaster
|L|starmaster
|L|soviet
|J|N01syB0y
|J|starmaster
|J|Accelgor⏫
|J|NJNP➏神
|J|Colchonero
|L|No lube for you
|J|tapu kuku
|J|Darkdevil
|L|Sasa (Maybe)
|choice|switch 4|move doubleedge
|
|switch|p1a: creep show|Gengar, M|323\/323
|-damage|p1a: creep show|283\/323|[from] Spikes
|move|p2a: Snorlax|Double-Edge|p1a: creep show
|-immune|p1a: creep show|[msg]
|
|-heal|p1a: creep show|303\/323|[from] item: Leftovers
|-heal|p2a: Snorlax|465\/523|[from] item: Leftovers
|upkeep
|turn|98
|L|starmaster
|L|Winterains
|J|Winterains
|J|soviet
|J|dk
|J|Suspect Nido
|L|ThexBooty
|L|dk
|L|uujjjj
|L|9ft
|choice|move icepunch|move lovelykiss
|
|move|p1a: creep show|Ice Punch|p2a: Snorlax
|-damage|p2a: Snorlax|399\/523
|-status|p2a: Snorlax|frz
|cant|p2a: Snorlax|frz
|
|-heal|p1a: creep show|323\/323|[from] item: Leftovers
|-heal|p2a: Snorlax|431\/523 frz|[from] item: Leftovers
|upkeep
|turn|99
|J|ThexBooty
|choice|move thunderbolt|move lovelykiss
|
|move|p1a: creep show|Thunderbolt|p2a: Snorlax
|-damage|p2a: Snorlax|347\/523 frz
|cant|p2a: Snorlax|frz
|
|-heal|p2a: Snorlax|379\/523 frz|[from] item: Leftovers
|upkeep
|turn|100
|J|fghdsu ($_$)
|J|uujjjj
|choice|switch 6|move lovelykiss
|
|switch|p1a: superstitous|Snorlax, M|264\/523
|-damage|p1a: superstitous|199\/523|[from] Spikes
|cant|p2a: Snorlax|frz
|
|-heal|p2a: Snorlax|411\/523 frz|[from] item: Leftovers
|-heal|p1a: superstitous|231\/523|[from] item: Leftovers
|upkeep
|turn|101
|choice|move curse|switch 5
|
|switch|p2a: Skarmory|Skarmory, M|315\/333 slp
|move|p1a: superstitous|Curse|p1a: superstitous
|-unboost|p1a: superstitous|spe|1
|-boost|p1a: superstitous|atk|1
|-boost|p1a: superstitous|def|1
|
|-heal|p2a: Skarmory|333\/333 slp|[from] item: Leftovers
|-heal|p1a: superstitous|263\/523|[from] item: Leftovers
|upkeep
|turn|102
|choice|move lovelykiss|move whirlwind
|
|move|p1a: superstitous|Lovely Kiss|p2a: Skarmory
|-fail|p2a: Skarmory|slp
|cant|p2: Skarmory|slp
|
|-heal|p1a: superstitous|295\/523|[from] item: Leftovers
|upkeep
|turn|103
|choice|move lovelykiss|move curse
|
|-curestatus|p2a: Skarmory|slp|[msg]
|move|p2a: Skarmory|Curse|p2a: Skarmory
|-unboost|p2a: Skarmory|spe|1
|-boost|p2a: Skarmory|atk|1
|-boost|p2a: Skarmory|def|1
|move|p1a: superstitous|Lovely Kiss|p2a: Skarmory|[miss]
|-miss|p1a: superstitous|p2a: Skarmory
|
|-heal|p1a: superstitous|327\/523|[from] item: Leftovers
|upkeep
|turn|104
|J|ggggd
|choice|move lovelykiss|move whirlwind
|
|move|p1a: superstitous|Lovely Kiss|p2a: Skarmory|[miss]
|-miss|p1a: superstitous|p2a: Skarmory
|move|p2a: Skarmory|Whirlwind|p1a: superstitous
|drag|p1a: cargo jet|Skarmory, M|184\/333
|
|-heal|p1a: cargo jet|204\/333|[from] item: Leftovers
|upkeep
|turn|105
|J|Diegolh
|choice|move whirlwind|move whirlwind
|
|move|p1a: cargo jet|Whirlwind|p2a: Skarmory
|-fail|p2a: Skarmory
|move|p2a: Skarmory|Whirlwind|p1a: cargo jet
|drag|p1a: exoskeleton|Cloyster, M|163\/287
|-damage|p1a: exoskeleton|128\/287|[from] Spikes
|
|-heal|p1a: exoskeleton|145\/287|[from] item: Leftovers
|upkeep
|turn|106
|L|LJDarkrai ☯
|L|klefkwi
|J|starmaster
|L|soviet
|choice|switch 3|move drillpeck
|
|switch|p1a: rumble|Raikou|367\/367 slp
|-damage|p1a: rumble|322\/367 slp|[from] Spikes
|move|p2a: Skarmory|Drill Peck|p1a: rumble
|-resisted|p1a: rumble
|-damage|p1a: rumble|246\/367 slp
|
|-heal|p1a: rumble|268\/367 slp|[from] item: Leftovers
|upkeep
|turn|107
|choice|move thunder|switch 5
|
|switch|p2a: Snorlax|Snorlax, M|411\/523 frz
|-damage|p2a: Snorlax|346\/523 frz|[from] Spikes
|cant|p1: rumble|slp
|
|-heal|p1a: rumble|290\/367 slp|[from] item: Leftovers
|-heal|p2a: Snorlax|378\/523 frz|[from] item: Leftovers
|upkeep
|turn|108
|L|B KC
|choice|switch 5|move doubleedge
|
|switch|p1a: superstitous|Snorlax, M|327\/523
|-damage|p1a: superstitous|262\/523|[from] Spikes
|cant|p2a: Snorlax|frz
|
|-heal|p1a: superstitous|294\/523|[from] item: Leftovers
|-heal|p2a: Snorlax|410\/523 frz|[from] item: Leftovers
|upkeep
|turn|109
|choice|move curse|switch 5
|
|switch|p2a: Skarmory|Skarmory, M|333\/333
|move|p1a: superstitous|Curse|p1a: superstitous
|-unboost|p1a: superstitous|spe|1
|-boost|p1a: superstitous|atk|1
|-boost|p1a: superstitous|def|1
|
|-heal|p1a: superstitous|326\/523|[from] item: Leftovers
|upkeep
|turn|110
|choice|move lovelykiss|move curse
|
|move|p2a: Skarmory|Curse|p2a: Skarmory
|-unboost|p2a: Skarmory|spe|1
|-boost|p2a: Skarmory|atk|1
|-boost|p2a: Skarmory|def|1
|move|p1a: superstitous|Lovely Kiss|p2a: Skarmory|[miss]
|-miss|p1a: superstitous|p2a: Skarmory
|
|-heal|p1a: superstitous|358\/523|[from] item: Leftovers
|upkeep
|turn|111
|J|Jardem
|J|Itstbruh
|J|Bushtush
|choice|move lovelykiss|move drillpeck
|
|move|p2a: Skarmory|Drill Peck|p1a: superstitous
|-damage|p1a: superstitous|250\/523
|move|p1a: superstitous|Lovely Kiss|p2a: Skarmory
|-status|p2: Skarmory|slp
|
|-heal|p1a: superstitous|282\/523|[from] item: Leftovers
|upkeep
|turn|112
|J|klefkwi
|choice|switch 5|move whirlwind
|
|switch|p1a: rumble|Raikou|290\/367 slp
|-damage|p1a: rumble|245\/367 slp|[from] Spikes
|cant|p2: Skarmory|slp
|
|-heal|p1a: rumble|267\/367 slp|[from] item: Leftovers
|upkeep
|turn|113
|choice|move thunder|switch 5
|
|switch|p2a: Snorlax|Snorlax, M|410\/523 frz
|-damage|p2a: Snorlax|345\/523 frz|[from] Spikes
|-curestatus|p1a: rumble|slp|[msg]
|move|p1a: rumble|Thunder|p2a: Snorlax|[miss]
|-miss|p1a: rumble|p2a: Snorlax
|
|-heal|p1a: rumble|289\/367|[from] item: Leftovers
|-heal|p2a: Snorlax|377\/523 frz|[from] item: Leftovers
|upkeep
|turn|114
|choice|switch 5|move rest
|
|switch|p1a: superstitous|Snorlax, M|282\/523
|-damage|p1a: superstitous|217\/523|[from] Spikes
|cant|p2a: Snorlax|frz
|
|-heal|p2a: Snorlax|409\/523 frz|[from] item: Leftovers
|-heal|p1a: superstitous|249\/523|[from] item: Leftovers
|upkeep
|turn|115
|choice|move doubleedge|switch 5
|
|switch|p2a: Skarmory|Skarmory, M|333\/333 slp
|move|p1a: superstitous|Double-Edge|p2a: Skarmory
|-resisted|p2a: Skarmory
|-damage|p2a: Skarmory|276\/333 slp
|-damage|p1a: superstitous|235\/523|[from] recoil|[of] p2a: Skarmory
|
|-heal|p2a: Skarmory|296\/333 slp|[from] item: Leftovers
|-heal|p1a: superstitous|267\/523|[from] item: Leftovers
|upkeep
|turn|116
|choice|switch 3|move curse
|
|switch|p1a: exoskeleton|Cloyster, M|145\/287
|-damage|p1a: exoskeleton|110\/287|[from] Spikes
|cant|p2: Skarmory|slp
|
|-heal|p1a: exoskeleton|127\/287|[from] item: Leftovers
|-heal|p2a: Skarmory|316\/333 slp|[from] item: Leftovers
|upkeep
|turn|117
|choice|move icebeam|switch 6
|
|switch|p2a: Suicune|Suicune|278\/403
|-damage|p2a: Suicune|228\/403|[from] Spikes
|move|p1a: exoskeleton|Ice Beam|p2a: Suicune
|-resisted|p2a: Suicune
|-damage|p2a: Suicune|185\/403
|
|-heal|p2a: Suicune|210\/403|[from] item: Leftovers
|-heal|p1a: exoskeleton|144\/287|[from] item: Leftovers
|upkeep
|turn|118
|L|starmaster
|choice|move hiddenpower|move surf
|
|move|p2a: Suicune|Surf|p1a: exoskeleton
|-resisted|p1a: exoskeleton
|-damage|p1a: exoskeleton|64\/287
|move|p1a: exoskeleton|Hidden Power|p2a: Suicune
|-supereffective|p2a: Suicune
|-damage|p2a: Suicune|125\/403
|
|-heal|p2a: Suicune|150\/403|[from] item: Leftovers
|-heal|p1a: exoskeleton|81\/287|[from] item: Leftovers
|upkeep
|turn|119
|L|antemortem
|L|Itstbruh
|choice|switch 5|move rest
|
|switch|p1a: rumble|Raikou|289\/367
|-damage|p1a: rumble|244\/367|[from] Spikes
|move|p2a: Suicune|Rest|p2a: Suicune
|-status|p2: Suicune|slp
|-heal|p2a: Suicune|403\/403 slp|[silent]
|-status|p2a: Suicune|slp|[from] move: Rest
|
|-heal|p1a: rumble|266\/367|[from] item: Leftovers
|upkeep
|turn|120
|J|Itstbruh
|L|Escavalier
|L|Mazary ♔
|choice|switch 3|switch 5
|
|switch|p1a: superstitous|Snorlax, M|267\/523
|-damage|p1a: superstitous|202\/523|[from] Spikes
|switch|p2a: Snorlax|Snorlax, M|409\/523 frz
|-damage|p2a: Snorlax|344\/523 frz|[from] Spikes
|
|-heal|p1a: superstitous|234\/523|[from] item: Leftovers
|-heal|p2a: Snorlax|376\/523 frz|[from] item: Leftovers
|upkeep
|turn|121
|choice|switch 6|switch 6
|
|switch|p1a: creep show|Gengar, M|323\/323
|-damage|p1a: creep show|283\/323|[from] Spikes
|switch|p2a: Skarmory|Skarmory, M|316\/333 slp
|
|-heal|p1a: creep show|303\/323|[from] item: Leftovers
|-heal|p2a: Skarmory|333\/333 slp|[from] item: Leftovers
|upkeep
|turn|122
|choice|move thunderbolt|switch 6
|
|switch|p2a: Snorlax|Snorlax, M|376\/523 frz
|-damage|p2a: Snorlax|311\/523 frz|[from] Spikes
|move|p1a: creep show|Thunderbolt|p2a: Snorlax
|-damage|p2a: Snorlax|226\/523 frz
|
|-heal|p1a: creep show|323\/323|[from] item: Leftovers
|-heal|p2a: Snorlax|258\/523 frz|[from] item: Leftovers
|upkeep
|turn|123
|choice|move thunderbolt|move lovelykiss
|
|move|p1a: creep show|Thunderbolt|p2a: Snorlax
|-damage|p2a: Snorlax|180\/523 frz
|cant|p2a: Snorlax|frz
|
|-heal|p2a: Snorlax|212\/523 frz|[from] item: Leftovers
|upkeep
|turn|124
|L|ThexBooty
|L|Nintendi
|choice|move thunderbolt|move lovelykiss
|
|move|p1a: creep show|Thunderbolt|p2a: Snorlax
|-damage|p2a: Snorlax|133\/523 frz
|cant|p2a: Snorlax|frz
|
|-heal|p2a: Snorlax|165\/523 frz|[from] item: Leftovers
|upkeep
|turn|125
|J|Escavalier
|choice|move thunderbolt|move lovelykiss
|
|move|p1a: creep show|Thunderbolt|p2a: Snorlax
|-damage|p2a: Snorlax|77\/523 frz
|cant|p2a: Snorlax|frz
|
|-heal|p2a: Snorlax|109\/523 frz|[from] item: Leftovers
|upkeep
|turn|126
|choice|move thunderbolt|move lovelykiss
|
|move|p1a: creep show|Thunderbolt|p2a: Snorlax
|-damage|p2a: Snorlax|26\/523 frz
|cant|p2a: Snorlax|frz
|
|-heal|p2a: Snorlax|58\/523 frz|[from] item: Leftovers
|upkeep
|turn|127
|choice|move icepunch|move rest
|
|move|p1a: creep show|Ice Punch|p2a: Snorlax
|-damage|p2a: Snorlax|0 fnt
|faint|p2a: Snorlax
|J|No lube for you
|choice||switch 3
|
|switch|p2a: Raikou|Raikou|120\/383
|-damage|p2a: Raikou|73\/383|[from] Spikes
|
|-heal|p2a: Raikou|96\/383|[from] item: Leftovers
|upkeep
|turn|128
|J|Mazary ♔
|J|Frexa ⚾☁
|J|starmaster
|choice|move explosion|move rest
|
|move|p2a: Raikou|Rest|p2a: Raikou
|-status|p2: Raikou|slp
|-heal|p2a: Raikou|383\/383 slp|[silent]
|-status|p2a: Raikou|slp|[from] move: Rest
|move|p1a: creep show|Explosion|p2a: Raikou
|-damage|p2a: Raikou|33\/383 slp
|faint|p1a: creep show
|J|Lrn2p
|choice|switch 5|
|
|switch|p1a: exoskeleton|Cloyster, M|81\/287
|-damage|p1a: exoskeleton|46\/287|[from] Spikes
|
|-heal|p2a: Raikou|56\/383 slp|[from] item: Leftovers
|-heal|p1a: exoskeleton|63\/287|[from] item: Leftovers
|upkeep
|turn|129
|J|soviet
|J|Nintendi
|choice|move icebeam|move roar
|
|move|p1a: exoskeleton|Ice Beam|p2a: Raikou
|-damage|p2a: Raikou|0 fnt
|faint|p2a: Raikou
|choice||switch 5
|
|switch|p2a: Suicune|Suicune|403\/403 slp
|-damage|p2a: Suicune|353\/403 slp|[from] Spikes
|
|-heal|p2a: Suicune|378\/403 slp|[from] item: Leftovers
|-heal|p1a: exoskeleton|80\/287|[from] item: Leftovers
|upkeep
|turn|130
|choice|move explosion|move sleeptalk
|
|cant|p2: Suicune|slp
|move|p2a: Suicune|Sleep Talk|p2a: Suicune
|move|p2a: Suicune|Rest|p2a: Suicune|[from]Sleep Talk
|-heal|p2a: Suicune|403\/403 slp|[silent]
|-status|p2a: Suicune|slp|[from] move: Rest
|move|p1a: exoskeleton|Explosion|p2a: Suicune
|-damage|p2a: Suicune|69\/403 slp
|faint|p1a: exoskeleton
|choice|switch 3|
|
|switch|p1a: rumble|Raikou|266\/367
|-damage|p1a: rumble|221\/367|[from] Spikes
|
|-heal|p1a: rumble|243\/367|[from] item: Leftovers
|-heal|p2a: Suicune|94\/403 slp|[from] item: Leftovers
|upkeep
|turn|131
|choice|move thunder|move sleeptalk
|
|move|p1a: rumble|Thunder|p2a: Suicune
|-supereffective|p2a: Suicune
|-damage|p2a: Suicune|0 fnt
|faint|p2a: Suicune
|choice||switch 2
|
|switch|p2a: Forretress|Forretress, M|128\/329 par
|-damage|p2a: Forretress|87\/329 par|[from] Spikes
|
|-heal|p1a: rumble|265\/367|[from] item: Leftovers
|-heal|p2a: Forretress|107\/329 par|[from] item: Leftovers
|upkeep
|turn|132
|L|Colchonero
|J|aquajetbreloom
|choice|move thunder|move rapidspin
|
|move|p1a: rumble|Thunder|p2a: Forretress|[miss]
|-miss|p1a: rumble|p2a: Forretress
|cant|p2: Forretress|par
|
|-heal|p1a: rumble|287\/367|[from] item: Leftovers
|-heal|p2a: Forretress|127\/329 par|[from] item: Leftovers
|upkeep
|turn|133
|choice|move thunder|move rapidspin
|
|move|p1a: rumble|Thunder|p2a: Forretress|[miss]
|-miss|p1a: rumble|p2a: Forretress
|move|p2a: Forretress|Rapid Spin|p1a: rumble
|-damage|p1a: rumble|269\/367
|-sideend|p2: Mr.378|Spikes|[from] move: Rapid Spin|[of] p2a: Forretress
|
|-heal|p1a: rumble|291\/367|[from] item: Leftovers
|-heal|p2a: Forretress|147\/329 par|[from] item: Leftovers
|upkeep
|turn|134
|L|Itstbruh
|L|Suspect Nido
|choice|move thunder|move toxic
|
|move|p1a: rumble|Thunder|p2a: Forretress|[miss]
|-miss|p1a: rumble|p2a: Forretress
|move|p2a: Forretress|Toxic|p1a: rumble
|-status|p1a: rumble|tox
|
|-heal|p1a: rumble|313\/367 tox|[from] item: Leftovers
|-heal|p2a: Forretress|167\/329 par|[from] item: Leftovers
|upkeep
|turn|135
|J|Colchonero
|J|antemortem
|J|Itstbruh
|J|LJDarkrai ☯
|J|TML
|L|uujjjj
|J|dk
|J|uujjjj
|choice|switch 2|switch 4
|
|switch|p1a: cargo jet|Skarmory, M|204\/333
|switch|p2a: Umbreon|Umbreon, M|79\/393 frz
|
|-heal|p1a: cargo jet|224\/333|[from] item: Leftovers
|-heal|p2a: Umbreon|103\/393 frz|[from] item: Leftovers
|upkeep
|turn|136
|J|golfa
|choice|move drillpeck|switch 4
|
|switch|p2a: Forretress|Forretress, M|167\/329 par
|move|p1a: cargo jet|Drill Peck|p2a: Forretress
|-damage|p2a: Forretress|100\/329 par
|
|-heal|p1a: cargo jet|244\/333|[from] item: Leftovers
|-heal|p2a: Forretress|120\/329 par|[from] item: Leftovers
|upkeep
|turn|137
|choice|move curse|move hiddenpower
|
|move|p1a: cargo jet|Curse|p1a: cargo jet
|-unboost|p1a: cargo jet|spe|1
|-boost|p1a: cargo jet|atk|1
|-boost|p1a: cargo jet|def|1
|move|p2a: Forretress|Hidden Power|p1a: cargo jet
|-supereffective|p1a: cargo jet
|-damage|p1a: cargo jet|144\/333
|
|-heal|p1a: cargo jet|164\/333|[from] item: Leftovers
|-heal|p2a: Forretress|140\/329 par|[from] item: Leftovers
|upkeep
|turn|138
|L|Itstbruh
|J|Itstbruh
|choice|move drillpeck|move hiddenpower
|
|move|p1a: cargo jet|Drill Peck|p2a: Forretress
|-damage|p2a: Forretress|36\/329 par
|move|p2a: Forretress|Hidden Power|p1a: cargo jet
|-supereffective|p1a: cargo jet
|-damage|p1a: cargo jet|58\/333
|
|-heal|p1a: cargo jet|78\/333|[from] item: Leftovers
|-heal|p2a: Forretress|56\/329 par|[from] item: Leftovers
|upkeep
|turn|139
|L|soviet
|choice|move drillpeck|switch 6
|
|switch|p2a: Skarmory|Skarmory, M|333\/333 slp
|move|p1a: cargo jet|Drill Peck|p2a: Skarmory
|-resisted|p2a: Skarmory
|-damage|p2a: Skarmory|283\/333 slp
|
|-heal|p2a: Skarmory|303\/333 slp|[from] item: Leftovers
|-heal|p1a: cargo jet|98\/333|[from] item: Leftovers
|upkeep
|turn|140
|L|TML
|choice|move whirlwind|move whirlwind
|
|-curestatus|p2a: Skarmory|slp|[msg]
|move|p2a: Skarmory|Whirlwind|p1a: cargo jet
|-fail|p1a: cargo jet
|move|p1a: cargo jet|Whirlwind|p2a: Skarmory
|drag|p2a: Umbreon|Umbreon, M|103\/393 frz
|
|-heal|p2a: Umbreon|127\/393 frz|[from] item: Leftovers
|-heal|p1a: cargo jet|118\/333|[from] item: Leftovers
|upkeep
|turn|141
|choice|move drillpeck|switch 4
|
|switch|p2a: Skarmory|Skarmory, M|303\/333
|move|p1a: cargo jet|Drill Peck|p2a: Skarmory
|-resisted|p2a: Skarmory
|-damage|p2a: Skarmory|253\/333
|
|-heal|p2a: Skarmory|273\/333|[from] item: Leftovers
|-heal|p1a: cargo jet|138\/333|[from] item: Leftovers
|upkeep
|turn|142
|choice|switch 2|move drillpeck
|
|switch|p1a: rumble|Raikou|313\/367 tox
|-status|p1a: rumble|psn
|-damage|p1a: rumble|268\/367 psn|[from] Spikes
|-damage|p1a: rumble|223\/367 psn|[from] psn
|move|p2a: Skarmory|Drill Peck|p1a: rumble
|-resisted|p1a: rumble
|-damage|p1a: rumble|171\/367 psn
|
|-heal|p1a: rumble|193\/367 psn|[from] item: Leftovers
|-heal|p2a: Skarmory|293\/333|[from] item: Leftovers
|upkeep
|turn|143
|choice|move rest|move curse
|
|move|p1a: rumble|Rest|p1a: rumble
|-status|p1: rumble|slp
|-heal|p1a: rumble|367\/367 slp|[silent]
|-status|p1a: rumble|slp|[from] move: Rest
|move|p2a: Skarmory|Curse|p2a: Skarmory
|-unboost|p2a: Skarmory|spe|1
|-boost|p2a: Skarmory|atk|1
|-boost|p2a: Skarmory|def|1
|
|-heal|p2a: Skarmory|313\/333|[from] item: Leftovers
|upkeep
|turn|144
|choice|move sleeptalk|move curse
|
|cant|p1: rumble|slp
|move|p1a: rumble|Sleep Talk|p1a: rumble
|move|p1a: rumble|Thunder|p2a: Skarmory|[from]Sleep Talk
|-supereffective|p2a: Skarmory
|-damage|p2a: Skarmory|0 fnt
|faint|p2a: Skarmory
|choice||switch 4
|
|switch|p2a: Umbreon|Umbreon, M|127\/393 frz
|
|-heal|p2a: Umbreon|151\/393 frz|[from] item: Leftovers
|upkeep
|turn|145
|L|ggggd
|L|Ban Manaphy
|choice|move sleeptalk|move pursuit
|
|cant|p1: rumble|slp
|move|p1a: rumble|Sleep Talk|p1a: rumble
|move|p1a: rumble|Rest|p1a: rumble|[from]Sleep Talk
|-fail|p1a: rumble
|cant|p2a: Umbreon|frz
|
|-heal|p2a: Umbreon|175\/393 frz|[from] item: Leftovers
|upkeep
|turn|146
|choice|move hiddenpower|move pursuit
|
|-curestatus|p1a: rumble|slp|[msg]
|move|p1a: rumble|Hidden Power|p2a: Umbreon
|-damage|p2a: Umbreon|122\/393 frz
|cant|p2a: Umbreon|frz
|
|-heal|p2a: Umbreon|146\/393 frz|[from] item: Leftovers
|upkeep
|turn|147
|L|hellpowna
|L|uujjjj
|choice|move hiddenpower|move toxic
|
|move|p1a: rumble|Hidden Power|p2a: Umbreon
|-damage|p2a: Umbreon|94\/393 frz
|cant|p2a: Umbreon|frz
|
|-heal|p2a: Umbreon|118\/393 frz|[from] item: Leftovers
|upkeep
|turn|148
|J|uujjjj
|choice|move hiddenpower|move charm
|
|move|p1a: rumble|Hidden Power|p2a: Umbreon
|-damage|p2a: Umbreon|64\/393 frz
|cant|p2a: Umbreon|frz
|
|-heal|p2a: Umbreon|88\/393 frz|[from] item: Leftovers
|upkeep
|turn|149
|choice|move hiddenpower|move toxic
|
|move|p1a: rumble|Hidden Power|p2a: Umbreon
|-damage|p2a: Umbreon|35\/393 frz
|cant|p2a: Umbreon|frz
|
|-heal|p2a: Umbreon|59\/393 frz|[from] item: Leftovers
|upkeep
|turn|150
|choice|move hiddenpower|move toxic
|
|move|p1a: rumble|Hidden Power|p2a: Umbreon
|-damage|p2a: Umbreon|4\/393 frz
|cant|p2a: Umbreon|frz
|
|-heal|p2a: Umbreon|28\/393 frz|[from] item: Leftovers
|upkeep
|turn|151
|choice|move hiddenpower|move toxic
|
|move|p1a: rumble|Hidden Power|p2a: Umbreon
|-damage|p2a: Umbreon|0 fnt
|faint|p2a: Umbreon
|L|Jardem
|choice||switch 6
|
|switch|p2a: Forretress|Forretress, M|56\/329 par
|
|-heal|p2a: Forretress|76\/329 par|[from] item: Leftovers
|upkeep
|turn|152
|choice|move hiddenpower|move toxic
|
|move|p1a: rumble|Hidden Power|p2a: Forretress
|-damage|p2a: Forretress|0 fnt
|faint|p2a: Forretress
|
|win|Roro
|L|Sand Castleツ
|L|Mr.378
|L|Mizuhime
|L|Mazary ♔
|L|uujjjj
|L|Highways ~ ♆
|L|Reje-
|J|Rei
|L|Majaspic22
|c|☆Roro|gg, got lucky
|L|GOAO
|L|klefkwi
|L|dk
|L|Syl♥ie Lyyneheym
|L|choolio Iglesias
|L|Escavalier
|L|ShoujoLuna''
|L|dhfzs
|c|+soulgazer|as
|L|Raiza
|L|lighthouses
|L|obii ☁
|L|Lacus Clyne
|J|ggggd
|L|ChillShadow
|L|NJNP➏神
|L|Dokkerich
|c|%Pearl|in
|L|Nintendi
|L|SparksBlade
|L|WhiteLion♜
|L|Miles Tails
|L|Vore Gidal
|L|Zaettsu
|c|%Pearl|wait
|L|kickasser
|L|peak of darkness
|L|aquajetbreloom
|c|%Pearl|modchat was off all along
|c|+soulgazer|kek
|J|WhiteLion♜
|L|fghdsu ($_$)
|c|%Pearl|hngg
|L|Corazan
|L|Roro
|L|Itstbruh
|L|Kingler12345
|J|ThexBooty
|c|+leru|lol
|L|Simiatic
|L|Winterains
|L|lets get dirty
|L|No lube for you
|L|Axel10★★★
|L|Bushtush
|L|blinkboy
|L|icsdi lollissimo
|L|Execute
|L|Pearl
|L|1 True Lycan
|c|+wild drud|nice
|c|+camilas|wew
|L|miltankmilk*
|L|Eden's Embrace
|L|BHARATH_THEBEST
|L|bluri
|c|+camilas|fuk leru
|L|soulgazer
|L|WhiteLion♜
|c|+Aurora|i
|L|Lef♱iez.*
|L|Gene SP
|c|+leru|die fag
|L|Diegolh
|c|+LJDarkrai ☯|stfu yall
|L|Peasounay
|L|MajorBowman
|L|Hawtplay
|L|edvc
|J|Winterains
|L|nao gosto de stall
|J|kickasser
|L|ETERNAL SPIRIT ♔
|L|el tekila
|J|Hawtplay
|L|Darkdevil
|L|tapu kuku
|L|ThexBooty
|L|Ojama
|L|giara ★_★
|L|Winterains
|L|Marshall.Law
|L|Hawtplay
|L|Plaessynplaeae
|L|Get this Money
|L|reiku
|L|caliente444
|L|kickasser
|L|leru
|L|Obliviate
|L|DestinyUnknown
|J|Escavalier
|L|Amaroq
|L|camilas
|L|The real UD
|L|Escavalier
|L|world b free
|L|Rei
|L|DeepBlueC
|L|starmaster
|L|Aberforth
|L|Alastor Law
|J|aquajetbreloom
|L|aquajetbreloom
|L|TRS3❄
|L|forgotten souls oo
|L|Cdumas
|L|Crystal_ rby
|L|rojovsred
|J|Updated Kanto
|L|rnbs
|L|Poek ★_★
|L|L0NE
|L|Updated Kanto
|J|Marlon Brando
|L|Ninjacalibur
|J|Ninjacalibur
|c|+Sas0 ♔|h
|L|Chras001
|L|antemortem
|L|Frexa ⚾☁
|L|Jimmy Turtwig
|L|Ninjacalibur
|L|LJDarkrai ☯
|L|Aurora
|L|Colchonero
|L|Ark
|L|Empo
|L|AgraGrega
|L|Kushalos
|J|Empo
|L|Empo
|J|icsdi lollissimo
|L|Ict
|L|icsdi lollissimo
|L|Esteemed User
|L|Arifeen
|L|N01syB0y
|J|LookingForLucy
|L|Uxali (
|L|SweetPosho
|L|DESTINY DEVICE
|L|oddypoddy
|J|Pak
|L|Pak
|L|LookingForLucy
|L|HxThG3
|L|wild drud
|L|Bomber
|J|Nelson
|L|CrashinBoomBang
|J|Execute
|c|+Nelson|gg
|L|edgar
|L|Execute
|L|ggggd
|L|golfa
|L|Znain
|J|Frania
|J|Cynde
|J|9ft
|L|Kurukaito ↑
|L|9ft
|L|Nelson
|L|Marlon Brando
|L|Nihilego Centrismo
|L|Karppi
|L|Cynde
|L|ceraa
|L|Pohjis
|J|Chras001
|J|Asim 12
|L|Accelgor⏫
|L|Chras001
|L|Wyn ヽ(^。^)丿
|L|Sas0 ♔
|L|Good Candies
|J|vyvan le
|L|vyvan le
|L|toxigen734>
|L|Asim 12
|L|Aurious
|L|KyogreF4N
|L|voltasu
|J|Empo
|L|Frania
|L|Empo
|L|bro fist
|L|Mephet
|J|ludicrousman
|J|Liones~
|L|hello u mister
|L|Loveless Box
|J|i am patonki
|L|Lrn2p
|L|Liones~
|L|Pleasure
|J|Heroic Troller
|J|Lord Esche
|L|feel da rain ♔
|L|Heroic Troller
|J|Melle2402
|L|Melle2402
|J|Eyan
|L|Eyan
|L|Lord Esche
|L|ludicrousman
|J|Simiatic
|L|Simiatic
|J|Simiatic
|L|Simiatic
|L|Gobi ☆ミ
|L|Freeroamer
|L|sugarhigh
|J|Sacri !!_!!
|J|xpatriette
|L|xpatriette
|L|Sacri !!_!!
|J|Znain
|J|pidge
|L|pidge
|L|Znain
|J|i hate rby
|L|i hate rby
|L|plumberjack
|J|GenOne
|L|GenOne
|J|Big_Danny_Mason
|J|PARTY MON$TER</script>
</div>
<div class="battle-log battle-log-inline"><div class="inner"><div class="battle-options"></div><div class="inner"><div class="chat message-error">Battle timer is ON: inactive players will automatically lose when time's up.</div><div class=""><small>Format:</small> <br><strong>[Gen 2] OU</strong></div><div class=""><small><em>Sleep Clause Mod:</em> Limit one foe put to sleep</small></div><div class=""><small><em>Species Clause:</em> Limit one of each Pokémon</small></div><div class=""><small><em>OHKO Clause:</em> OHKO moves are banned</small></div><div class=""><small><em>Evasion Moves Clause:</em> Evasion moves are banned</small></div><div class=""><small><em>HP Percentage Mod:</em> HP is shown in percentages</small></div><div class="spacer battle-history"><br></div><div class="battle-history">Battle started between Roro and Mr.378!<br></div><div class="spacer battle-history"><br></div><div class="battle-history">Go! rumble (<strong>Raikou</strong>)!<br></div><div class="spacer battle-history"><br></div><div class="battle-history">Mr.378 sent out <strong>Raikou</strong>!<br></div><div class="spacer battle-history"><br></div><h2 class="battle-history">Turn 1</h2><div class="chat chatmessage-bkc"><strong style="color:#7f7f2f"><small>+</small><span class="username" data-name="B KC">B KC</span>:</strong> <em>Ah.</em></div><div class="chat chatmessage-roro"><strong style="color:#5c6ce3"><small>☆</small><span class="username" data-name="Roro">Roro</span>:</strong> <em>hf</em></div><div class="chat chatmessage-aurious"><strong style="color:#b2641c"><small>+</small><span class="username" data-name="Aurious">Aurious</span>:</strong> <em>go roro :v</em></div><div class="chat chatmessage-mr378"><strong style="color:#909217"><small>☆</small><span class="username" data-name="Mr.378">Mr.378</span>:</strong> <em>hf</em></div><div class="chat chatmessage-soulgazer"><strong style="color:#8a8a38"><small>+</small><span class="username" data-name="soulgazer">soulgazer</span>:</strong> <em>in</em></div><div class="chat chatmessage-feeldarain"><strong style="color:#307f70"><small>+</small><span class="username" data-name="feel da rain ♔">feel da rain ♔</span>:</strong> <em>in</em></div><div class="chat chatmessage-sparksblade"><strong style="color:#b72a75"><small>+</small><span class="username" data-name="SparksBlade">SparksBlade</span>:</strong> <em>monsieur numbers go!</em></div><div class="chat chatmessage-sandcastle"><strong style="color:#5a9c1c"><small>+</small><span class="username" data-name="Sand Castleツ">Sand Castleツ</span>:</strong> <em>in</em></div><div class="chat chatmessage-obii"><strong style="color:#0aaba0"><small>+</small><span class="username" data-name="obii ☁">obii ☁</span>:</strong> <em>378!!</em></div><div class="spacer battle-history"><br></div><div class="battle-history">rumble used <strong>Thunder</strong>!<br></div><div class="battle-history"><small>It's not very effective...</small><br></div><div class="battle-history"><small>(The opposing Raikou lost <abbr title="−73/383">19.1%</abbr> of its health!)</small><br></div><div class="spacer battle-history"><br></div><div class="battle-history">The opposing Raikou used <strong>Thunder</strong>!<br></div><div class="battle-history"><small>It's not very effective...</small><br></div><div class="battle-history"><small>(rumble lost <abbr title="−80/367">21.8%</abbr> of its health!)</small><br></div><div class="spacer battle-history"><br></div><div class="battle-history"><small>The opposing Raikou restored a little HP using its Leftovers!</small><br></div><div class="battle-history"><small>rumble restored a little HP using its Leftovers!</small><br></div><div class="spacer battle-history"><br></div><h2 class="battle-history">Turn 2</h2><div class="chat chatmessage-klefkwi"><strong style="color:#21a673"><small>+</small><span class="username" data-name="klefkwi">klefkwi</span>:</strong> <em>mr numbers</em></div><div class="chat chatmessage-greninjawarrior21"><strong style="color:#2e7f4c"><small>+</small><span class="username" data-name="GreninjaWarrior21">GreninjaWarrior21</span>:</strong> <em>:o</em></div><div class="spacer battle-history"><br></div><div class="battle-history">The opposing Raikou used <strong>Thunder</strong>!<br></div><div class="battle-history"><small>It's not very effective...</small><br></div><div class="battle-history"><small>(rumble lost <abbr title="−78/367">21.3%</abbr> of its health!)</small><br></div><div class="spacer battle-history"><br></div><div class="battle-history">rumble used <strong>Thunder</strong>!<br></div><div class="battle-history"><small>The opposing Raikou avoided the attack!</small><br></div><div class="spacer battle-history"><br></div><div class="battle-history"><small>The opposing Raikou restored a little HP using its Leftovers!</small><br></div><div class="battle-history"><small>rumble restored a little HP using its Leftovers!</small><br></div><div class="spacer battle-history"><br></div><h2 class="battle-history">Turn 3</h2><div class="spacer battle-history"><br></div><div class="battle-history">rumble used <strong>Thunder</strong>!<br></div><div class="battle-history"><small>It's not very effective...</small><br></div><div class="battle-history"><small>(The opposing Raikou lost <abbr title="−76/383">19.8%</abbr> of its health!)</small><br></div><div class="spacer battle-history"><br></div><div class="battle-history">The opposing Raikou used <strong>Thunder</strong>!<br></div><div class="battle-history"><small>It's not very effective...</small><br></div><div class="battle-history"><small>(rumble lost <abbr title="−80/367">21.8%</abbr> of its health!)</small><br></div><div class="battle-history"><small>rumble is paralyzed! It may be unable to move!</small><br></div><div class="spacer battle-history"><br></div><div class="battle-history"><small>The opposing Raikou restored a little HP using its Leftovers!</small><br></div><div class="battle-history"><small>rumble restored a little HP using its Leftovers!</small><br></div><div class="spacer battle-history"><br></div><h2 class="battle-history">Turn 4</h2><div class="spacer battle-history"><br></div><div class="battle-history">Mr.378 withdrew Raikou!<br></div><div class="battle-history">Mr.378 sent out <strong>Forretress</strong>!<br></div><div class="spacer battle-history"><br></div><div class="battle-history">rumble is paralyzed! It can't move!<br></div><div class="spacer battle-history"><br></div><div class="battle-history"><small>rumble restored a little HP using its Leftovers!</small><br></div><div class="spacer battle-history"><br></div><h2 class="battle-history">Turn 5</h2><div class="spacer battle-history"><br></div><div class="battle-history">The opposing Forretress used <strong>Spikes</strong>!<br></div><div class="battle-history"><small>Spikes were scattered on the ground all around your team!</small><br></div><div class="spacer battle-history"><br></div><div class="battle-history">rumble used <strong>Thunder</strong>!<br></div><div class="battle-history"><small>(The opposing Forretress lost <abbr title="−221/329">67.2%</abbr> of its health!)</small><br></div><div class="battle-history"><small>The opposing Forretress is paralyzed! It may be unable to move!</small><br></div><div class="spacer battle-history"><br></div><div class="battle-history"><small>rumble restored a little HP using its Leftovers!</small><br></div><div class="battle-history"><small>The opposing Forretress restored a little HP using its Leftovers!</small><br></div><div class="spacer battle-history"><br></div><h2 class="battle-history">Turn 6</h2><div class="spacer battle-history"><br></div><div class="battle-history">rumble, come back!<br></div><div class="battle-history">Go! superstitous (<strong>Snorlax</strong>)!<br></div><div class="battle-history"><small>superstitous was hurt by the spikes!</small><br></div><div class="spacer battle-history"><br></div><div class="battle-history">Mr.378 withdrew Forretress!<br></div><div class="battle-history">Mr.378 sent out <strong>Snorlax</strong>!<br></div><div class="spacer battle-history"><br></div><div class="battle-history"><small>superstitous restored a little HP using its Leftovers!</small><br></div><div class="spacer battle-history"><br></div><h2 class="battle-history">Turn 7</h2><div class="spacer battle-history"><br></div><div class="battle-history">superstitous used <strong>Curse</strong>!<br></div><div class="battle-history"><small>superstitous's Speed fell!</small><br></div><div class="battle-history"><small>superstitous's Attack rose!</small><br></div><div class="battle-history"><small>superstitous's Defense rose!</small><br></div><div class="spacer battle-history"><br></div><div class="battle-history">The opposing Snorlax used <strong>Double-Edge</strong>!<br></div><div class="battle-history"><small>(superstitous lost <abbr title="−130/523">24.9%</abbr> of its health!)</small><br></div><div class="battle-history"><small>The opposing Snorlax was damaged by the recoil!</small><br></div><div class="spacer battle-history"><br></div><div class="battle-history"><small>The opposing Snorlax restored a little HP using its Leftovers!</small><br></div><div class="battle-history"><small>superstitous restored a little HP using its Leftovers!</small><br></div><div class="spacer battle-history"><br></div><h2 class="battle-history">Turn 8</h2><div class="spacer battle-history"><br></div><div class="battle-history">Mr.378 withdrew Snorlax!<br></div><div class="battle-history">Mr.378 sent out <strong>Skarmory</strong>!<br></div><div class="spacer battle-history"><br></div><div class="battle-history">superstitous used <strong>Double-Edge</strong>!<br></div><div class="battle-history"><small>It's not very effective...</small><br></div><div class="battle-history"><small>(The opposing Skarmory lost <abbr title="−86/333">25.8%</abbr> of its health!)</small><br></div><div class="battle-history"><small>superstitous was damaged by the recoil!</small><br></div><div class="spacer battle-history"><br></div><div class="battle-history"><small>The opposing Skarmory restored a little HP using its Leftovers!</small><br></div><div class="battle-history"><small>superstitous restored a little HP using its Leftovers!</small><br></div><div class="spacer battle-history"><br></div><h2 class="battle-history">Turn 9</h2><div class="spacer battle-history"><br></div><div class="battle-history">superstitous used <strong>Lovely Kiss</strong>!<br></div><div class="battle-history"><small>The opposing Skarmory fell asleep!</small><br></div><div class="spacer battle-history"><br></div><div class="battle-history">The opposing Skarmory is fast asleep.<br></div><div class="spacer battle-history"><br></div><div class="battle-history"><small>The opposing Skarmory restored a little HP using its Leftovers!</small><br></div><div class="battle-history"><small>superstitous restored a little HP using its Leftovers!</small><br></div><div class="spacer battle-history"><br></div><h2 class="battle-history">Turn 10</h2><div class="spacer battle-history"><br></div><div class="battle-history">superstitous used <strong>Double-Edge</strong>!<br></div><div class="battle-history"><small>It's not very effective...</small><br></div><div class="battle-history"><small>(The opposing Skarmory lost <abbr title="−82/333">24.6%</abbr> of its health!)</small><br></div><div class="battle-history"><small>superstitous was damaged by the recoil!</small><br></div><div class="spacer battle-history"><br></div><div class="battle-history">The opposing Skarmory is fast asleep.<br></div><div class="spacer battle-history"><br></div><div class="battle-history"><small>The opposing Skarmory restored a little HP using its Leftovers!</small><br></div><div class="battle-history"><small>superstitous restored a little HP using its Leftovers!</small><br></div><div class="spacer battle-history"><br></div><h2 class="battle-history">Turn 11</h2><div class="spacer battle-history"><br></div><div class="battle-history">superstitous, come back!<br></div><div class="battle-history">Go! exoskeleton (<strong>Cloyster</strong>)!<br></div><div class="battle-history"><small>exoskeleton was hurt by the spikes!</small><br></div><div class="battle-history"><small>The opposing Skarmory woke up!</small><br></div><div class="spacer battle-history"><br></div><div class="battle-history">The opposing Skarmory used <strong>Whirlwind</strong>!<br></div><div class="spacer battle-history"><br></div><div class="battle-history">cargo jet (<strong>Skarmory</strong>) was dragged out!<br></div><div class="spacer battle-history"><br></div><div class="battle-history"><small>The opposing Skarmory restored a little HP using its Leftovers!</small><br></div><div class="spacer battle-history"><br></div><h2 class="battle-history">Turn 12</h2><div class="spacer battle-history"><br></div><div class="battle-history">Mr.378 withdrew Skarmory!<br></div><div class="battle-history">Mr.378 sent out <strong>Raikou</strong>!<br></div><div class="spacer battle-history"><br></div><div class="battle-history">cargo jet, come back!<br></div><div class="battle-history">Go! superstitous (<strong>Snorlax</strong>)!<br></div><div class="battle-history"><small>superstitous was hurt by the spikes!</small><br></div><div class="spacer battle-history"><br></div><div class="battle-history"><small>The opposing Raikou restored a little HP using its Leftovers!</small><br></div><div class="battle-history"><small>superstitous restored a little HP using its Leftovers!</small><br></div><div class="spacer battle-history"><br></div><h2 class="battle-history">Turn 13</h2><div class="spacer battle-history"><br></div><div class="battle-history">Mr.378 withdrew Raikou!<br></div><div class="battle-history">Mr.378 sent out <strong>Skarmory</strong>!<br></div><div class="spacer battle-history"><br></div><div class="battle-history">superstitous used <strong>Curse</strong>!<br></div><div class="battle-history"><small>superstitous's Speed fell!</small><br></div><div class="battle-history"><small>superstitous's Attack rose!</small><br></div><div class="battle-history"><small>superstitous's Defense rose!</small><br></div><div class="spacer battle-history"><br></div><div class="battle-history"><small>The opposing Skarmory restored a little HP using its Leftovers!</small><br></div><div class="battle-history"><small>superstitous restored a little HP using its Leftovers!</small><br></div><div class="spacer battle-history"><br></div><h2 class="battle-history">Turn 14</h2><div class="spacer battle-history"><br></div><div class="battle-history">Mr.378 withdrew Skarmory!<br></div><div class="battle-history">Mr.378 sent out <strong>Suicune</strong>!<br></div><div class="spacer battle-history"><br></div><div class="battle-history">superstitous used <strong>Lovely Kiss</strong>!<br></div><div class="battle-history"><small>The opposing Suicune avoided the attack!</small><br></div><div class="spacer battle-history"><br></div><div class="battle-history"><small>superstitous restored a little HP using its Leftovers!</small><br></div><div class="spacer battle-history"><br></div><h2 class="battle-history">Turn 15</h2><div class="spacer battle-history"><br></div><div class="battle-history">Mr.378 withdrew Suicune!<br></div><div class="battle-history">Mr.378 sent out <strong>Skarmory</strong>!<br></div><div class="spacer battle-history"><br></div><div class="battle-history">superstitous used <strong>Double-Edge</strong>!<br></div><div class="battle-history"><small>It's not very effective...</small><br></div><div class="battle-history"><small>(The opposing Skarmory lost <abbr title="−87/333">26.1%</abbr> of its health!)</small><br></div><div class="battle-history"><small>superstitous was damaged by the recoil!</small><br></div><div class="spacer battle-history"><br></div><div class="battle-history"><small>The opposing Skarmory restored a little HP using its Leftovers!</small><br></div><div class="battle-history"><small>superstitous restored a little HP using its Leftovers!</small><br></div><div class="spacer battle-history"><br></div><h2 class="battle-history">Turn 16</h2><div class="spacer battle-history"><br></div><div class="battle-history">The opposing Skarmory used <strong>Curse</strong>!<br></div><div class="battle-history"><small>The opposing Skarmory's Speed fell!</small><br></div><div class="battle-history"><small>The opposing Skarmory's Attack rose!</small><br></div><div class="battle-history"><small>The opposing Skarmory's Defense rose!</small><br></div><div class="spacer battle-history"><br></div><div class="battle-history">superstitous used <strong>Double-Edge</strong>!<br></div><div class="battle-history"><small>A critical hit!</small><br></div><div class="battle-history"><small>It's not very effective...</small><br></div><div class="battle-history"><small>(The opposing Skarmory lost <abbr title="−113/333">33.9%</abbr> of its health!)</small><br></div><div class="battle-history"><small>superstitous was damaged by the recoil!</small><br></div><div class="spacer battle-history"><br></div><div class="battle-history"><small>The opposing Skarmory restored a little HP using its Leftovers!</small><br></div><div class="battle-history"><small>superstitous restored a little HP using its Leftovers!</small><br></div><div class="spacer battle-history"><br></div><h2 class="battle-history">Turn 17</h2><div class="spacer battle-history"><br></div><div class="battle-history">superstitous, come back!<br></div><div class="battle-history">Go! exoskeleton (<strong>Cloyster</strong>)!<br></div><div class="battle-history"><small>exoskeleton was hurt by the spikes!</small><br></div><div class="spacer battle-history"><br></div><div class="battle-history">The opposing Skarmory used <strong>Rest</strong>!<br></div><div class="battle-history"><small>The opposing Skarmory fell asleep!</small><br></div><div class="battle-history"><small>The opposing Skarmory slept and became healthy!</small><br></div><div class="spacer battle-history"><br></div><div class="battle-history"><small>exoskeleton restored a little HP using its Leftovers!</small><br></div><div class="spacer battle-history"><br></div><h2 class="battle-history">Turn 18</h2><div class="spacer battle-history"><br></div><div class="battle-history">Mr.378 withdrew Skarmory!<br></div><div class="battle-history">Mr.378 sent out <strong>Umbreon</strong>!<br></div><div class="spacer battle-history"><br></div><div class="battle-history">exoskeleton used <strong>Spikes</strong>!<br></div><div class="battle-history"><small>Spikes were scattered on the ground all around the opposing team!</small><br></div><div class="spacer battle-history"><br></div><div class="battle-history"><small>exoskeleton restored a little HP using its Leftovers!</small><br></div><div class="spacer battle-history"><br></div><h2 class="battle-history">Turn 19</h2><div class="spacer battle-history"><br></div><div class="battle-history">exoskeleton, come back!<br></div><div class="battle-history">Go! cargo jet (<strong>Skarmory</strong>)!<br></div><div class="spacer battle-history"><br></div><div class="battle-history">The opposing Umbreon used <strong>Toxic</strong>!<br></div><div class="battle-history"><small>It doesn't affect cargo jet...</small><br></div><div class="spacer battle-history"><br></div><h2 class="battle-history">Turn 20</h2><div class="spacer battle-history"><br></div><div class="battle-history">The opposing Umbreon used <strong>Charm</strong>!<br></div><div class="battle-history"><small>cargo jet's Attack fell harshly!</small><br></div><div class="spacer battle-history"><br></div><div class="battle-history">cargo jet used <strong>Whirlwind</strong>!<br></div><div class="spacer battle-history"><br></div><div class="battle-history"><strong>Snorlax</strong> was dragged out!<br></div><div class="battle-history"><small>The opposing Snorlax was hurt by the spikes!</small><br></div><div class="spacer battle-history"><br></div><div class="battle-history"><small>The opposing Snorlax restored a little HP using its Leftovers!</small><br></div><div class="spacer battle-history"><br></div><h2 class="battle-history">Turn 21</h2><div class="spacer battle-history"><br></div><div class="battle-history">The opposing Snorlax used <strong>Fire Blast</strong>!<br></div><div class="battle-history"><small>It's super effective!</small><br></div><div class="battle-history"><small>(cargo jet lost <abbr title="−169/333">50.8%</abbr> of its health!)</small><br></div><div class="spacer battle-history"><br></div><div class="battle-history">cargo jet used <strong>Whirlwind</strong>!<br></div><div class="spacer battle-history"><br></div><div class="battle-history"><strong>Umbreon</strong> was dragged out!<br></div><div class="battle-history"><small>The opposing Umbreon was hurt by the spikes!</small><br></div><div class="spacer battle-history"><br></div><div class="battle-history"><small>cargo jet restored a little HP using its Leftovers!</small><br></div><div class="battle-history"><small>The opposing Umbreon restored a little HP using its Leftovers!</small><br></div><div class="spacer battle-history"><br></div><h2 class="battle-history">Turn 22</h2><div class="spacer battle-history"><br></div><div class="battle-history">cargo jet, come back!<br></div><div class="battle-history">Go! rumble (<strong>Raikou</strong>)!<br></div><div class="battle-history"><small>rumble was hurt by the spikes!</small><br></div><div class="spacer battle-history"><br></div><div class="battle-history">The opposing Umbreon used <strong>Toxic</strong>!<br></div><div class="battle-history"><small>But it failed!</small><br></div><div class="spacer battle-history"><br></div><div class="battle-history"><small>The opposing Umbreon restored a little HP using its Leftovers!</small><br></div><div class="battle-history"><small>rumble restored a little HP using its Leftovers!</small><br></div><div class="spacer battle-history"><br></div><h2 class="battle-history">Turn 23</h2><div class="spacer battle-history"><br></div><div class="battle-history">Mr.378 withdrew Umbreon!<br></div><div class="battle-history">Mr.378 sent out <strong>Snorlax</strong>!<br></div><div class="battle-history"><small>The opposing Snorlax was hurt by the spikes!</small><br></div><div class="spacer battle-history"><br></div><div class="battle-history">rumble used <strong>Thunder</strong>!<br></div><div class="battle-history"><small>(The opposing Snorlax lost <abbr title="−141/523">27.0%</abbr> of its health!)</small><br></div><div class="spacer battle-history"><br></div><div class="battle-history"><small>The opposing Snorlax restored a little HP using its Leftovers!</small><br></div><div class="battle-history"><small>rumble restored a little HP using its Leftovers!</small><br></div><div class="spacer battle-history"><br></div><h2 class="battle-history">Turn 24</h2><div class="spacer battle-history"><br></div><div class="battle-history">rumble, come back!<br></div><div class="battle-history">Go! hammerin (<strong>Tyranitar</strong>)!<br></div><div class="battle-history"><small>hammerin was hurt by the spikes!</small><br></div><div class="spacer battle-history"><br></div><div class="battle-history">The opposing Snorlax used <strong>Double-Edge</strong>!<br></div><div class="battle-history"><small>It's not very effective...</small><br></div><div class="battle-history"><small>(hammerin lost <abbr title="−67/403">16.6%</abbr> of its health!)</small><br></div><div class="battle-history"><small>The opposing Snorlax was damaged by the recoil!</small><br></div><div class="spacer battle-history"><br></div><div class="battle-history"><small>hammerin restored a little HP using its Leftovers!</small><br></div><div class="battle-history"><small>The opposing Snorlax restored a little HP using its Leftovers!</small><br></div><div class="spacer battle-history"><br></div><h2 class="battle-history">Turn 25</h2><div class="spacer battle-history"><br></div><div class="battle-history">hammerin, come back!<br></div><div class="battle-history">Go! superstitous (<strong>Snorlax</strong>)!<br></div><div class="battle-history"><small>superstitous was hurt by the spikes!</small><br></div><div class="spacer battle-history"><br></div><div class="battle-history">Mr.378 withdrew Snorlax!<br></div><div class="battle-history">Mr.378 sent out <strong>Suicune</strong>!<br></div><div class="battle-history"><small>The opposing Suicune was hurt by the spikes!</small><br></div><div class="spacer battle-history"><br></div><div class="battle-history"><small>The opposing Suicune restored a little HP using its Leftovers!</small><br></div><div class="battle-history"><small>superstitous restored a little HP using its Leftovers!</small><br></div><div class="spacer battle-history"><br></div><h2 class="battle-history">Turn 26</h2><div class="spacer battle-history"><br></div><div class="battle-history">Mr.378 withdrew Suicune!<br></div><div class="battle-history">Mr.378 sent out <strong>Skarmory</strong>!<br></div><div class="spacer battle-history"><br></div><div class="battle-history">superstitous used <strong>Curse</strong>!<br></div><div class="battle-history"><small>superstitous's Speed fell!</small><br></div><div class="battle-history"><small>superstitous's Attack rose!</small><br></div><div class="battle-history"><small>superstitous's Defense rose!</small><br></div><div class="spacer battle-history"><br></div><div class="battle-history"><small>superstitous restored a little HP using its Leftovers!</small><br></div><div class="spacer battle-history"><br></div><h2 class="battle-history">Turn 27</h2><div class="spacer battle-history"><br></div><div class="battle-history">superstitous used <strong>Double-Edge</strong>!<br></div><div class="battle-history"><small>It's not very effective...</small><br></div><div class="battle-history"><small>(The opposing Skarmory lost <abbr title="−95/333">28.5%</abbr> of its health!)</small><br></div><div class="battle-history"><small>superstitous was damaged by the recoil!</small><br></div><div class="spacer battle-history"><br></div><div class="battle-history">The opposing Skarmory is fast asleep.<br></div><div class="spacer battle-history"><br></div><div class="battle-history"><small>The opposing Skarmory restored a little HP using its Leftovers!</small><br></div><div class="battle-history"><small>superstitous restored a little HP using its Leftovers!</small><br></div><div class="spacer battle-history"><br></div><h2 class="battle-history">Turn 28</h2><div class="spacer battle-history"><br></div><div class="battle-history">superstitous used <strong>Double-Edge</strong>!<br></div><div class="battle-history"><small>It's not very effective...</small><br></div><div class="battle-history"><small>(The opposing Skarmory lost <abbr title="−87/333">26.1%</abbr> of its health!)</small><br></div><div class="battle-history"><small>superstitous was damaged by the recoil!</small><br></div><div class="spacer battle-history"><br></div><div class="battle-history">The opposing Skarmory is fast asleep.<br></div><div class="spacer battle-history"><br></div><div class="battle-history"><small>The opposing Skarmory restored a little HP using its Leftovers!</small><br></div><div class="battle-history"><small>superstitous restored a little HP using its Leftovers!</small><br></div><div class="spacer battle-history"><br></div><h2 class="battle-history">Turn 29</h2><div class="spacer battle-history"><br></div><div class="battle-history">superstitous used <strong>Double-Edge</strong>!<br></div><div class="battle-history"><small>It's not very effective...</small><br></div><div class="battle-history"><small>(The opposing Skarmory lost <abbr title="−93/333">27.9%</abbr> of its health!)</small><br></div><div class="battle-history"><small>superstitous was damaged by the recoil!</small><br></div><div class="battle-history"><small>The opposing Skarmory woke up!</small><br></div><div class="spacer battle-history"><br></div><div class="battle-history">The opposing Skarmory used <strong>Whirlwind</strong>!<br></div><div class="spacer battle-history"><br></div><div class="battle-history">exoskeleton (<strong>Cloyster</strong>) was dragged out!<br></div><div class="battle-history"><small>exoskeleton was hurt by the spikes!</small><br></div><div class="spacer battle-history"><br></div><div class="battle-history"><small>exoskeleton restored a little HP using its Leftovers!</small><br></div><div class="battle-history"><small>The opposing Skarmory restored a little HP using its Leftovers!</small><br></div><div class="spacer battle-history"><br></div><h2 class="battle-history">Turn 30</h2><div class="spacer battle-history"><br></div><div class="battle-history">Mr.378 withdrew Skarmory!<br></div><div class="battle-history">Mr.378 sent out <strong>Umbreon</strong>!<br></div><div class="battle-history"><small>The opposing Umbreon was hurt by the spikes!</small><br></div><div class="spacer battle-history"><br></div><div class="battle-history">exoskeleton, come back!<br></div><div class="battle-history">Go! superstitous (<strong>Snorlax</strong>)!<br></div><div class="battle-history"><small>superstitous was hurt by the spikes!</small><br></div><div class="spacer battle-history"><br></div><div class="battle-history"><small>The opposing Umbreon restored a little HP using its Leftovers!</small><br></div><div class="battle-history"><small>superstitous restored a little HP using its Leftovers!</small><br></div><div class="spacer battle-history"><br></div><h2 class="battle-history">Turn 31</h2><div class="spacer battle-history"><br></div><div class="battle-history">superstitous, come back!<br></div><div class="battle-history">Go! rumble (<strong>Raikou</strong>)!<br></div><div class="battle-history"><small>rumble was hurt by the spikes!</small><br></div><div class="spacer battle-history"><br></div><div class="battle-history">The opposing Umbreon used <strong>Charm</strong>!<br></div><div class="battle-history"><small>rumble's Attack fell harshly!</small><br></div><div class="spacer battle-history"><br></div><div class="battle-history"><small>The opposing Umbreon restored a little HP using its Leftovers!</small><br></div><div class="battle-history"><small>rumble restored a little HP using its Leftovers!</small><br></div><div class="spacer battle-history"><br></div><h2 class="battle-history">Turn 32</h2><div class="spacer battle-history"><br></div><div class="battle-history">Mr.378 withdrew Umbreon!<br></div><div class="battle-history">Mr.378 sent out <strong>Raikou</strong>!<br></div><div class="battle-history"><small>The opposing Raikou was hurt by the spikes!</small><br></div><div class="spacer battle-history"><br></div><div class="battle-history">rumble used <strong>Rest</strong>!<br></div><div class="battle-history"><small>rumble fell asleep!</small><br></div><div class="battle-history"><small>rumble slept and became healthy!</small><br></div><div class="spacer battle-history"><br></div><div class="battle-history"><small>The opposing Raikou restored a little HP using its Leftovers!</small><br></div><div class="spacer battle-history"><br></div><h2 class="battle-history">Turn 33</h2><div class="spacer battle-history"><br></div><div class="battle-history">rumble is fast asleep.<br></div><div class="spacer battle-history"><br></div><div class="battle-history">rumble used <strong>Sleep Talk</strong>!<br></div><div class="spacer battle-history"><br></div><div class="battle-history">rumble used <strong>Hidden Power</strong>!<br></div><div class="battle-history"><small>(The opposing Raikou lost <abbr title="−58/383">15.1%</abbr> of its health!)</small><br></div><div class="spacer battle-history"><br></div><div class="battle-history">The opposing Raikou used <strong>Roar</strong>!<br></div><div class="spacer battle-history"><br></div><div class="battle-history">hammerin (<strong>Tyranitar</strong>) was dragged out!<br></div><div class="battle-history"><small>hammerin was hurt by the spikes!</small><br></div><div class="spacer battle-history"><br></div><div class="battle-history"><small>The opposing Raikou restored a little HP using its Leftovers!</small><br></div><div class="battle-history"><small>hammerin restored a little HP using its Leftovers!</small><br></div><div class="spacer battle-history"><br></div><h2 class="battle-history">Turn 34</h2><div class="spacer battle-history"><br></div><div class="battle-history">Mr.378 withdrew Raikou!<br></div><div class="battle-history">Mr.378 sent out <strong>Suicune</strong>!<br></div><div class="battle-history"><small>The opposing Suicune was hurt by the spikes!</small><br></div><div class="spacer battle-history"><br></div><div class="battle-history">hammerin, come back!<br></div><div class="battle-history">Go! rumble (<strong>Raikou</strong>)!<br></div><div class="battle-history"><small>rumble was hurt by the spikes!</small><br></div><div class="spacer battle-history"><br></div><div class="battle-history"><small>rumble restored a little HP using its Leftovers!</small><br></div><div class="battle-history"><small>The opposing Suicune restored a little HP using its Leftovers!</small><br></div><div class="spacer battle-history"><br></div><h2 class="battle-history">Turn 35</h2><div class="spacer battle-history"><br></div><div class="battle-history">Mr.378 withdrew Suicune!<br></div><div class="battle-history">Mr.378 sent out <strong>Snorlax</strong>!<br></div><div class="battle-history"><small>The opposing Snorlax was hurt by the spikes!</small><br></div><div class="spacer battle-history"><br></div><div class="battle-history">rumble is fast asleep.<br></div><div class="spacer battle-history"><br></div><div class="battle-history">rumble used <strong>Sleep Talk</strong>!<br></div><div class="spacer battle-history"><br></div><div class="battle-history">rumble used <strong>Hidden Power</strong>!<br></div><div class="battle-history"><small>(The opposing Snorlax lost <abbr title="−54/523">10.3%</abbr> of its health!)</small><br></div><div class="spacer battle-history"><br></div><div class="battle-history"><small>rumble restored a little HP using its Leftovers!</small><br></div><div class="battle-history"><small>The opposing Snorlax restored a little HP using its Leftovers!</small><br></div><div class="spacer battle-history"><br></div><h2 class="battle-history">Turn 36</h2><div class="spacer battle-history"><br></div><div class="battle-history">rumble, come back!<br></div><div class="battle-history">Go! superstitous (<strong>Snorlax</strong>)!<br></div><div class="battle-history"><small>superstitous was hurt by the spikes!</small><br></div><div class="spacer battle-history"><br></div><div class="battle-history">The opposing Snorlax used <strong>Rest</strong>!<br></div><div class="battle-history"><small>The opposing Snorlax fell asleep!</small><br></div><div class="battle-history"><small>The opposing Snorlax slept and became healthy!</small><br></div><div class="spacer battle-history"><br></div><div class="battle-history"><small>superstitous restored a little HP using its Leftovers!</small><br></div><div class="spacer battle-history"><br></div><h2 class="battle-history">Turn 37</h2><div class="spacer battle-history"><br></div><div class="battle-history">The opposing Snorlax is fast asleep.<br></div><div class="spacer battle-history"><br></div><div class="battle-history">superstitous used <strong>Double-Edge</strong>!<br></div><div class="battle-history"><small>(The opposing Snorlax lost <abbr title="−192/523">36.7%</abbr> of its health!)</small><br></div><div class="battle-history"><small>superstitous was damaged by the recoil!</small><br></div><div class="spacer battle-history"><br></div><div class="battle-history"><small>superstitous restored a little HP using its Leftovers!</small><br></div><div class="battle-history"><small>The opposing Snorlax restored a little HP using its Leftovers!</small><br></div><div class="spacer battle-history"><br></div><h2 class="battle-history">Turn 38</h2><div class="spacer battle-history"><br></div><div class="battle-history">The opposing Snorlax is fast asleep.<br></div><div class="spacer battle-history"><br></div><div class="battle-history">superstitous used <strong>Curse</strong>!<br></div><div class="battle-history"><small>superstitous's Speed fell!</small><br></div><div class="battle-history"><small>superstitous's Attack rose!</small><br></div><div class="battle-history"><small>superstitous's Defense rose!</small><br></div><div class="spacer battle-history"><br></div><div class="battle-history"><small>The opposing Snorlax restored a little HP using its Leftovers!</small><br></div><div class="battle-history"><small>superstitous restored a little HP using its Leftovers!</small><br></div><div class="spacer battle-history"><br></div><h2 class="battle-history">Turn 39</h2><div class="spacer battle-history"><br></div><div class="battle-history"><small>The opposing Snorlax woke up!</small><br></div><div class="spacer battle-history"><br></div><div class="battle-history">The opposing Snorlax used <strong>Lovely Kiss</strong>!<br></div><div class="battle-history"><small>superstitous fell asleep!</small><br></div><div class="spacer battle-history"><br></div><div class="battle-history">superstitous is fast asleep.<br></div><div class="spacer battle-history"><br></div><div class="battle-history"><small>The opposing Snorlax restored a little HP using its Leftovers!</small><br></div><div class="battle-history"><small>superstitous restored a little HP using its Leftovers!</small><br></div><div class="spacer battle-history"><br></div><h2 class="battle-history">Turn 40</h2><div class="spacer battle-history"><br></div><div class="battle-history">Mr.378 withdrew Snorlax!<br></div><div class="battle-history">Mr.378 sent out <strong>Skarmory</strong>!<br></div><div class="spacer battle-history"><br></div><div class="battle-history">superstitous is fast asleep.<br></div><div class="spacer battle-history"><br></div><div class="battle-history"><small>The opposing Skarmory restored a little HP using its Leftovers!</small><br></div><div class="battle-history"><small>superstitous restored a little HP using its Leftovers!</small><br></div><div class="spacer battle-history"><br></div><h2 class="battle-history">Turn 41</h2><div class="spacer battle-history"><br></div><div class="battle-history">superstitous is fast asleep.<br></div><div class="spacer battle-history"><br></div><div class="battle-history">The opposing Skarmory used <strong>Whirlwind</strong>!<br></div><div class="spacer battle-history"><br></div><div class="battle-history">exoskeleton (<strong>Cloyster</strong>) was dragged out!<br></div><div class="battle-history"><small>exoskeleton was hurt by the spikes!</small><br></div><div class="spacer battle-history"><br></div><div class="battle-history"><small>The opposing Skarmory restored a little HP using its Leftovers!</small><br></div><div class="battle-history"><small>exoskeleton restored a little HP using its Leftovers!</small><br></div><div class="spacer battle-history"><br></div><h2 class="battle-history">Turn 42</h2><div class="spacer battle-history"><br></div><div class="battle-history">Mr.378 withdrew Skarmory!<br></div><div class="battle-history">Mr.378 sent out <strong>Umbreon</strong>!<br></div><div class="battle-history"><small>The opposing Umbreon was hurt by the spikes!</small><br></div><div class="spacer battle-history"><br></div><div class="battle-history">exoskeleton used <strong>Ice Beam</strong>!<br></div><div class="battle-history"><small>(The opposing Umbreon lost <abbr title="−91/393">23.2%</abbr> of its health!)</small><br></div><div class="spacer battle-history"><br></div><div class="battle-history"><small>exoskeleton restored a little HP using its Leftovers!</small><br></div><div class="battle-history"><small>The opposing Umbreon restored a little HP using its Leftovers!</small><br></div><div class="spacer battle-history"><br></div><h2 class="battle-history">Turn 43</h2><div class="spacer battle-history"><br></div><div class="battle-history"><small>(exoskeleton is being withdrawn...)</small><br></div><div class="spacer battle-history"><br></div><div class="battle-history">The opposing Umbreon used <strong>Pursuit</strong>!<br></div><div class="battle-history"><small>(exoskeleton lost <abbr title="−102/287">35.5%</abbr> of its health!)</small><br></div><div class="spacer battle-history"><br></div><div class="battle-history">exoskeleton, come back!<br></div><div class="battle-history">Go! rumble (<strong>Raikou</strong>)!<br></div><div class="battle-history"><small>rumble was hurt by the spikes!</small><br></div><div class="spacer battle-history"><br></div><div class="battle-history"><small>rumble restored a little HP using its Leftovers!</small><br></div><div class="battle-history"><small>The opposing Umbreon restored a little HP using its Leftovers!</small><br></div><div class="spacer battle-history"><br></div><h2 class="battle-history">Turn 44</h2><div class="spacer battle-history"><br></div><div class="battle-history">Mr.378 withdrew Umbreon!<br></div><div class="battle-history">Mr.378 sent out <strong>Raikou</strong>!<br></div><div class="battle-history"><small>The opposing Raikou was hurt by the spikes!</small><br></div><div class="battle-history"><small>rumble woke up!</small><br></div><div class="spacer battle-history"><br></div><div class="battle-history">rumble used <strong>Thunder</strong>!<br></div><div class="battle-history"><small>It's not very effective...</small><br></div><div class="battle-history"><small>(The opposing Raikou lost <abbr title="−73/383">19.1%</abbr> of its health!)</small><br></div><div class="spacer battle-history"><br></div><div class="battle-history"><small>rumble restored a little HP using its Leftovers!</small><br></div><div class="battle-history"><small>The opposing Raikou restored a little HP using its Leftovers!</small><br></div><div class="spacer battle-history"><br></div><h2 class="battle-history">Turn 45</h2><div class="spacer battle-history"><br></div><div class="battle-history">The opposing Raikou used <strong>Rest</strong>!<br></div><div class="battle-history"><small>The opposing Raikou fell asleep!</small><br></div><div class="battle-history"><small>The opposing Raikou slept and became healthy!</small><br></div><div class="spacer battle-history"><br></div><div class="battle-history">rumble used <strong>Thunder</strong>!<br></div><div class="battle-history"><small>It's not very effective...</small><br></div><div class="battle-history"><small>(The opposing Raikou lost <abbr title="−77/383">20.1%</abbr> of its health!)</small><br></div><div class="spacer battle-history"><br></div><div class="battle-history"><small>The opposing Raikou restored a little HP using its Leftovers!</small><br></div><div class="battle-history"><small>rumble restored a little HP using its Leftovers!</small><br></div><div class="spacer battle-history"><br></div><h2 class="battle-history">Turn 46</h2><div class="spacer battle-history"><br></div><div class="battle-history">rumble, come back!<br></div><div class="battle-history">Go! superstitous (<strong>Snorlax</strong>)!<br></div><div class="battle-history"><small>superstitous was hurt by the spikes!</small><br></div><div class="spacer battle-history"><br></div><div class="battle-history">The opposing Raikou is fast asleep.<br></div><div class="spacer battle-history"><br></div><div class="battle-history"><small>The opposing Raikou restored a little HP using its Leftovers!</small><br></div><div class="battle-history"><small>superstitous restored a little HP using its Leftovers!</small><br></div><div class="spacer battle-history"><br></div><h2 class="battle-history">Turn 47</h2><div class="spacer battle-history"><br></div><div class="battle-history">Mr.378 withdrew Raikou!<br></div><div class="battle-history">Mr.378 sent out <strong>Snorlax</strong>!<br></div><div class="battle-history"><small>The opposing Snorlax was hurt by the spikes!</small><br></div><div class="spacer battle-history"><br></div><div class="battle-history">superstitous is fast asleep.<br></div><div class="spacer battle-history"><br></div><div class="battle-history"><small>superstitous restored a little HP using its Leftovers!</small><br></div><div class="battle-history"><small>The opposing Snorlax restored a little HP using its Leftovers!</small><br></div><div class="spacer battle-history"><br></div><h2 class="battle-history">Turn 48</h2><div class="spacer battle-history"><br></div><div class="battle-history">The opposing Snorlax used <strong>Double-Edge</strong>!<br></div><div class="battle-history"><small>(superstitous lost <abbr title="−207/523">39.6%</abbr> of its health!)</small><br></div><div class="battle-history"><small>The opposing Snorlax was damaged by the recoil!</small><br></div><div class="battle-history"><small>superstitous woke up!</small><br></div><div class="spacer battle-history"><br></div><div class="battle-history">superstitous used <strong>Lovely Kiss</strong>!<br></div><div class="battle-history"><small>The opposing Snorlax avoided the attack!</small><br></div><div class="spacer battle-history"><br></div><div class="battle-history"><small>superstitous restored a little HP using its Leftovers!</small><br></div><div class="battle-history"><small>The opposing Snorlax restored a little HP using its Leftovers!</small><br></div><div class="spacer battle-history"><br></div><h2 class="battle-history">Turn 49</h2><div class="spacer battle-history"><br></div><div class="battle-history">superstitous used <strong>Lovely Kiss</strong>!<br></div><div class="battle-history"><small>The opposing Snorlax fell asleep!</small><br></div><div class="spacer battle-history"><br></div><div class="battle-history">The opposing Snorlax is fast asleep.<br></div><div class="spacer battle-history"><br></div><div class="battle-history"><small>The opposing Snorlax restored a little HP using its Leftovers!</small><br></div><div class="battle-history"><small>superstitous restored a little HP using its Leftovers!</small><br></div><div class="spacer battle-history"><br></div><h2 class="battle-history">Turn 50</h2><div class="spacer battle-history"><br></div><div class="battle-history">superstitous, come back!<br></div><div class="battle-history">Go! rumble (<strong>Raikou</strong>)!<br></div><div class="battle-history"><small>rumble was hurt by the spikes!</small><br></div><div class="spacer battle-history"><br></div><div class="battle-history">Mr.378 withdrew Snorlax!<br></div><div class="battle-history">Mr.378 sent out <strong>Skarmory</strong>!<br></div><div class="spacer battle-history"><br></div><div class="battle-history"><small>rumble restored a little HP using its Leftovers!</small><br></div><div class="battle-history"><small>The opposing Skarmory restored a little HP using its Leftovers!</small><br></div><div class="spacer battle-history"><br></div><h2 class="battle-history">Turn 51</h2><div class="spacer battle-history"><br></div><div class="battle-history">rumble, come back!<br></div><div class="battle-history">Go! superstitous (<strong>Snorlax</strong>)!<br></div><div class="battle-history"><small>superstitous was hurt by the spikes!</small><br></div><div class="spacer battle-history"><br></div><div class="battle-history">Mr.378 withdrew Skarmory!<br></div><div class="battle-history">Mr.378 sent out <strong>Raikou</strong>!<br></div><div class="battle-history"><small>The opposing Raikou was hurt by the spikes!</small><br></div><div class="spacer battle-history"><br></div><div class="battle-history"><small>The opposing Raikou restored a little HP using its Leftovers!</small><br></div><div class="battle-history"><small>superstitous restored a little HP using its Leftovers!</small><br></div><div class="spacer battle-history"><br></div><h2 class="battle-history">Turn 52</h2><div class="spacer battle-history"><br></div><div class="battle-history">Mr.378 withdrew Raikou!<br></div><div class="battle-history">Mr.378 sent out <strong>Skarmory</strong>!<br></div><div class="spacer battle-history"><br></div><div class="battle-history">superstitous, come back!<br></div><div class="battle-history">Go! hammerin (<strong>Tyranitar</strong>)!<br></div><div class="battle-history"><small>hammerin was hurt by the spikes!</small><br></div><div class="spacer battle-history"><br></div><div class="battle-history"><small>The opposing Skarmory restored a little HP using its Leftovers!</small><br></div><div class="battle-history"><small>hammerin restored a little HP using its Leftovers!</small><br></div><div class="spacer battle-history"><br></div><h2 class="battle-history">Turn 53</h2><div class="spacer battle-history"><br></div><div class="battle-history">Mr.378 withdrew Skarmory!<br></div><div class="battle-history">Mr.378 sent out <strong>Suicune</strong>!<br></div><div class="battle-history"><small>The opposing Suicune was hurt by the spikes!</small><br></div><div class="spacer battle-history"><br></div><div class="battle-history">hammerin used <strong>Roar</strong>!<br></div><div class="spacer battle-history"><br></div><div class="battle-history"><strong>Skarmory</strong> was dragged out!<br></div><div class="spacer battle-history"><br></div><div class="battle-history"><small>The opposing Skarmory restored a little HP using its Leftovers!</small><br></div><div class="battle-history"><small>hammerin restored a little HP using its Leftovers!</small><br></div><div class="spacer battle-history"><br></div><h2 class="battle-history">Turn 54</h2><div class="spacer battle-history"><br></div><div class="battle-history"><small>(The opposing Skarmory is being withdrawn...)</small><br></div><div class="spacer battle-history"><br></div><div class="battle-history">hammerin used <strong>Pursuit</strong>!<br></div><div class="battle-history"><small>It's not very effective...</small><br></div><div class="battle-history"><small>(The opposing Skarmory lost <abbr title="−56/333">16.8%</abbr> of its health!)</small><br></div><div class="spacer battle-history"><br></div><div class="battle-history">Mr.378 withdrew Skarmory!<br></div><div class="battle-history">Mr.378 sent out <strong>Suicune</strong>!<br></div><div class="battle-history"><small>The opposing Suicune was hurt by the spikes!</small><br></div><div class="spacer battle-history"><br></div><div class="battle-history"><small>The opposing Suicune restored a little HP using its Leftovers!</small><br></div><div class="battle-history"><small>hammerin restored a little HP using its Leftovers!</small><br></div><div class="spacer battle-history"><br></div><h2 class="battle-history">Turn 55</h2><div class="spacer battle-history"><br></div><div class="battle-history">hammerin, come back!<br></div><div class="battle-history">Go! rumble (<strong>Raikou</strong>)!<br></div><div class="battle-history"><small>rumble was hurt by the spikes!</small><br></div><div class="spacer battle-history"><br></div><div class="battle-history">The opposing Suicune used <strong>Ice Beam</strong>!<br></div><div class="battle-history"><small>(rumble lost <abbr title="−68/367">18.5%</abbr> of its health!)</small><br></div><div class="spacer battle-history"><br></div><div class="battle-history"><small>rumble restored a little HP using its Leftovers!</small><br></div><div class="battle-history"><small>The opposing Suicune restored a little HP using its Leftovers!</small><br></div><div class="spacer battle-history"><br></div><h2 class="battle-history">Turn 56</h2><div class="spacer battle-history"><br></div><div class="battle-history">rumble, come back!<br></div><div class="battle-history">Go! superstitous (<strong>Snorlax</strong>)!<br></div><div class="battle-history"><small>superstitous was hurt by the spikes!</small><br></div><div class="spacer battle-history"><br></div><div class="battle-history">Mr.378 withdrew Suicune!<br></div><div class="battle-history">Mr.378 sent out <strong>Raikou</strong>!<br></div><div class="battle-history"><small>The opposing Raikou was hurt by the spikes!</small><br></div><div class="spacer battle-history"><br></div><div class="battle-history"><small>The opposing Raikou restored a little HP using its Leftovers!</small><br></div><div class="battle-history"><small>superstitous restored a little HP using its Leftovers!</small><br></div><div class="spacer battle-history"><br></div><h2 class="battle-history">Turn 57</h2><div class="spacer battle-history"><br></div><div class="battle-history">Mr.378 withdrew Raikou!<br></div><div class="battle-history">Mr.378 sent out <strong>Skarmory</strong>!<br></div><div class="spacer battle-history"><br></div><div class="battle-history">superstitous used <strong>Double-Edge</strong>!<br></div><div class="battle-history"><small>It's not very effective...</small><br></div><div class="battle-history"><small>(The opposing Skarmory lost <abbr title="−54/333">16.2%</abbr> of its health!)</small><br></div><div class="battle-history"><small>superstitous was damaged by the recoil!</small><br></div><div class="spacer battle-history"><br></div><div class="battle-history"><small>The opposing Skarmory restored a little HP using its Leftovers!</small><br></div><div class="battle-history"><small>superstitous restored a little HP using its Leftovers!</small><br></div><div class="spacer battle-history"><br></div><h2 class="battle-history">Turn 58</h2><div class="spacer battle-history"><br></div><div class="battle-history">The opposing Skarmory used <strong>Curse</strong>!<br></div><div class="battle-history"><small>The opposing Skarmory's Speed fell!</small><br></div><div class="battle-history"><small>The opposing Skarmory's Attack rose!</small><br></div><div class="battle-history"><small>The opposing Skarmory's Defense rose!</small><br></div><div class="spacer battle-history"><br></div><div class="battle-history">superstitous used <strong>Curse</strong>!<br></div><div class="battle-history"><small>superstitous's Speed fell!</small><br></div><div class="battle-history"><small>superstitous's Attack rose!</small><br></div><div class="battle-history"><small>superstitous's Defense rose!</small><br></div><div class="spacer battle-history"><br></div><div class="battle-history"><small>The opposing Skarmory restored a little HP using its Leftovers!</small><br></div><div class="battle-history"><small>superstitous restored a little HP using its Leftovers!</small><br></div><div class="spacer battle-history"><br></div><h2 class="battle-history">Turn 59</h2><div class="spacer battle-history"><br></div><div class="battle-history">The opposing Skarmory used <strong>Curse</strong>!<br></div><div class="battle-history"><small>The opposing Skarmory's Speed fell!</small><br></div><div class="battle-history"><small>The opposing Skarmory's Attack rose!</small><br></div><div class="battle-history"><small>The opposing Skarmory's Defense rose!</small><br></div><div class="spacer battle-history"><br></div><div class="battle-history">superstitous used <strong>Double-Edge</strong>!<br></div><div class="battle-history"><small>It's not very effective...</small><br></div><div class="battle-history"><small>(The opposing Skarmory lost <abbr title="−46/333">13.8%</abbr> of its health!)</small><br></div><div class="battle-history"><small>superstitous was damaged by the recoil!</small><br></div><div class="spacer battle-history"><br></div><div class="battle-history"><small>The opposing Skarmory restored a little HP using its Leftovers!</small><br></div><div class="battle-history"><small>superstitous restored a little HP using its Leftovers!</small><br></div><div class="spacer battle-history"><br></div><h2 class="battle-history">Turn 60</h2><div class="spacer battle-history"><br></div><div class="battle-history">superstitous, come back!<br></div><div class="battle-history">Go! hammerin (<strong>Tyranitar</strong>)!<br></div><div class="battle-history"><small>hammerin was hurt by the spikes!</small><br></div><div class="spacer battle-history"><br></div><div class="battle-history">The opposing Skarmory used <strong>Drill Peck</strong>!<br></div><div class="battle-history"><small>It's not very effective...</small><br></div><div class="battle-history"><small>(hammerin lost <abbr title="−82/403">20.3%</abbr> of its health!)</small><br></div><div class="spacer battle-history"><br></div><div class="battle-history"><small>hammerin restored a little HP using its Leftovers!</small><br></div><div class="battle-history"><small>The opposing Skarmory restored a little HP using its Leftovers!</small><br></div><div class="spacer battle-history"><br></div><h2 class="battle-history">Turn 61</h2><div class="spacer battle-history"><br></div><div class="battle-history"><small>(The opposing Skarmory is being withdrawn...)</small><br></div><div class="spacer battle-history"><br></div><div class="battle-history">hammerin used <strong>Pursuit</strong>!<br></div><div class="battle-history"><small>It's not very effective...</small><br></div><div class="battle-history"><small>(The opposing Skarmory lost <abbr title="−59/333">17.7%</abbr> of its health!)</small><br></div><div class="spacer battle-history"><br></div><div class="battle-history">Mr.378 withdrew Skarmory!<br></div><div class="battle-history">Mr.378 sent out <strong>Suicune</strong>!<br></div><div class="battle-history"><small>The opposing Suicune was hurt by the spikes!</small><br></div><div class="spacer battle-history"><br></div><div class="battle-history"><small>The opposing Suicune restored a little HP using its Leftovers!</small><br></div><div class="battle-history"><small>hammerin restored a little HP using its Leftovers!</small><br></div><div class="spacer battle-history"><br></div><h2 class="battle-history">Turn 62</h2><div class="spacer battle-history"><br></div><div class="battle-history">hammerin, come back!<br></div><div class="battle-history">Go! rumble (<strong>Raikou</strong>)!<br></div><div class="battle-history"><small>rumble was hurt by the spikes!</small><br></div><div class="spacer battle-history"><br></div><div class="battle-history">The opposing Suicune used <strong>Surf</strong>!<br></div><div class="battle-history"><small>(rumble lost <abbr title="−97/367">26.4%</abbr> of its health!)</small><br></div><div class="spacer battle-history"><br></div><div class="battle-history"><small>rumble restored a little HP using its Leftovers!</small><br></div><div class="battle-history"><small>The opposing Suicune restored a little HP using its Leftovers!</small><br></div><div class="spacer battle-history"><br></div><h2 class="battle-history">Turn 63</h2><div class="spacer battle-history"><br></div><div class="battle-history">Mr.378 withdrew Suicune!<br></div><div class="battle-history">Mr.378 sent out <strong>Raikou</strong>!<br></div><div class="battle-history"><small>The opposing Raikou was hurt by the spikes!</small><br></div><div class="spacer battle-history"><br></div><div class="battle-history">rumble used <strong>Thunder</strong>!<br></div><div class="battle-history"><small>It's not very effective...</small><br></div><div class="battle-history"><small>(The opposing Raikou lost <abbr title="−77/383">20.1%</abbr> of its health!)</small><br></div><div class="spacer battle-history"><br></div><div class="battle-history"><small>The opposing Raikou restored a little HP using its Leftovers!</small><br></div><div class="battle-history"><small>rumble restored a little HP using its Leftovers!</small><br></div><div class="spacer battle-history"><br></div><h2 class="battle-history">Turn 64</h2><div class="spacer battle-history"><br></div><div class="battle-history">rumble used <strong>Rest</strong>!<br></div><div class="battle-history"><small>rumble fell asleep!</small><br></div><div class="battle-history"><small>rumble slept and became healthy!</small><br></div><div class="spacer battle-history"><br></div><div class="battle-history">The opposing Raikou is fast asleep.<br></div><div class="spacer battle-history"><br></div><div class="battle-history"><small>The opposing Raikou restored a little HP using its Leftovers!</small><br></div><div class="spacer battle-history"><br></div><h2 class="battle-history">Turn 65</h2><div class="spacer battle-history"><br></div><div class="battle-history">rumble is fast asleep.<br></div><div class="spacer battle-history"><br></div><div class="battle-history">rumble used <strong>Sleep Talk</strong>!<br></div><div class="spacer battle-history"><br></div><div class="battle-history">rumble used <strong>Thunder</strong>!<br></div><div class="battle-history"><small>It's not very effective...</small><br></div><div class="battle-history"><small>(The opposing Raikou lost <abbr title="−80/383">20.9%</abbr> of its health!)</small><br></div><div class="battle-history"><small>The opposing Raikou woke up!</small><br></div><div class="spacer battle-history"><br></div><div class="battle-history">The opposing Raikou used <strong>Roar</strong>!<br></div><div class="spacer battle-history"><br></div><div class="battle-history">hammerin (<strong>Tyranitar</strong>) was dragged out!<br></div><div class="battle-history"><small>hammerin was hurt by the spikes!</small><br></div><div class="spacer battle-history"><br></div><div class="battle-history"><small>The opposing Raikou restored a little HP using its Leftovers!</small><br></div><div class="battle-history"><small>hammerin restored a little HP using its Leftovers!</small><br></div><div class="spacer battle-history"><br></div><h2 class="battle-history">Turn 66</h2><div class="spacer battle-history"><br></div><div class="battle-history">hammerin, come back!<br></div><div class="battle-history">Go! rumble (<strong>Raikou</strong>)!<br></div><div class="battle-history"><small>rumble was hurt by the spikes!</small><br></div><div class="spacer battle-history"><br></div><div class="battle-history">The opposing Raikou used <strong>Roar</strong>!<br></div><div class="spacer battle-history"><br></div><div class="battle-history">hammerin (<strong>Tyranitar</strong>) was dragged out!<br></div><div class="battle-history"><small>hammerin was hurt by the spikes!</small><br></div><div class="spacer battle-history"><br></div><div class="battle-history"><small>The opposing Raikou restored a little HP using its Leftovers!</small><br></div><div class="battle-history"><small>hammerin restored a little HP using its Leftovers!</small><br></div><div class="spacer battle-history"><br></div><h2 class="battle-history">Turn 67</h2><div class="spacer battle-history"><br></div><div class="battle-history">Mr.378 withdrew Raikou!<br></div><div class="battle-history">Mr.378 sent out <strong>Suicune</strong>!<br></div><div class="battle-history"><small>The opposing Suicune was hurt by the spikes!</small><br></div><div class="spacer battle-history"><br></div><div class="battle-history">hammerin, come back!<br></div><div class="battle-history">Go! rumble (<strong>Raikou</strong>)!<br></div><div class="battle-history"><small>rumble was hurt by the spikes!</small><br></div><div class="spacer battle-history"><br></div><div class="battle-history"><small>rumble restored a little HP using its Leftovers!</small><br></div><div class="battle-history"><small>The opposing Suicune restored a little HP using its Leftovers!</small><br></div><div class="spacer battle-history"><br></div><h2 class="battle-history">Turn 68</h2><div class="spacer battle-history"><br></div><div class="battle-history">rumble, come back!<br></div><div class="battle-history">Go! superstitous (<strong>Snorlax</strong>)!<br></div><div class="battle-history"><small>superstitous was hurt by the spikes!</small><br></div><div class="spacer battle-history"><br></div><div class="battle-history">Mr.378 withdrew Suicune!<br></div><div class="battle-history">Mr.378 sent out <strong>Raikou</strong>!<br></div><div class="battle-history"><small>The opposing Raikou was hurt by the spikes!</small><br></div><div class="spacer battle-history"><br></div><div class="battle-history"><small>The opposing Raikou restored a little HP using its Leftovers!</small><br></div><div class="battle-history"><small>superstitous restored a little HP using its Leftovers!</small><br></div><div class="spacer battle-history"><br></div><h2 class="battle-history">Turn 69</h2><div class="spacer battle-history"><br></div><div class="battle-history">Mr.378 withdrew Raikou!<br></div><div class="battle-history">Mr.378 sent out <strong>Umbreon</strong>!<br></div><div class="battle-history"><small>The opposing Umbreon was hurt by the spikes!</small><br></div><div class="spacer battle-history"><br></div><div class="battle-history">superstitous, come back!<br></div><div class="battle-history">Go! hammerin (<strong>Tyranitar</strong>)!<br></div><div class="battle-history"><small>hammerin was hurt by the spikes!</small><br></div><div class="spacer battle-history"><br></div><div class="battle-history"><small>The opposing Umbreon restored a little HP using its Leftovers!</small><br></div><div class="battle-history"><small>hammerin restored a little HP using its Leftovers!</small><br></div><div class="spacer battle-history"><br></div><h2 class="battle-history">Turn 70</h2><div class="spacer battle-history"><br></div><div class="battle-history">hammerin, come back!<br></div><div class="battle-history">Go! rumble (<strong>Raikou</strong>)!<br></div><div class="battle-history"><small>rumble was hurt by the spikes!</small><br></div><div class="spacer battle-history"><br></div><div class="battle-history">The opposing Umbreon used <strong>Toxic</strong>!<br></div><div class="battle-history"><small>But it failed!</small><br></div><div class="spacer battle-history"><br></div><div class="battle-history"><small>rumble restored a little HP using its Leftovers!</small><br></div><div class="battle-history"><small>The opposing Umbreon restored a little HP using its Leftovers!</small><br></div><div class="spacer battle-history"><br></div><h2 class="battle-history">Turn 71</h2><div class="spacer battle-history"><br></div><div class="battle-history">rumble, come back!<br></div><div class="battle-history">Go! superstitous (<strong>Snorlax</strong>)!<br></div><div class="battle-history"><small>superstitous was hurt by the spikes!</small><br></div><div class="spacer battle-history"><br></div><div class="battle-history">Mr.378 withdrew Umbreon!<br></div><div class="battle-history">Mr.378 sent out <strong>Raikou</strong>!<br></div><div class="battle-history"><small>The opposing Raikou was hurt by the spikes!</small><br></div><div class="spacer battle-history"><br></div><div class="battle-history"><small>The opposing Raikou restored a little HP using its Leftovers!</small><br></div><div class="battle-history"><small>superstitous restored a little HP using its Leftovers!</small><br></div><div class="spacer battle-history"><br></div><h2 class="battle-history">Turn 72</h2><div class="spacer battle-history"><br></div><div class="battle-history">Mr.378 withdrew Raikou!<br></div><div class="battle-history">Mr.378 sent out <strong>Umbreon</strong>!<br></div><div class="battle-history"><small>The opposing Umbreon was hurt by the spikes!</small><br></div><div class="spacer battle-history"><br></div><div class="battle-history">superstitous used <strong>Double-Edge</strong>!<br></div><div class="battle-history"><small>(The opposing Umbreon lost <abbr title="−133/393">33.8%</abbr> of its health!)</small><br></div><div class="battle-history"><small>superstitous was damaged by the recoil!</small><br></div><div class="spacer battle-history"><br></div><div class="battle-history"><small>The opposing Umbreon restored a little HP using its Leftovers!</small><br></div><div class="battle-history"><small>superstitous restored a little HP using its Leftovers!</small><br></div><div class="spacer battle-history"><br></div><h2 class="battle-history">Turn 73</h2><div class="spacer battle-history"><br></div><div class="battle-history">The opposing Umbreon used <strong>Moonlight</strong>!<br></div><div class="battle-history"><small>The opposing Umbreon had its HP restored.</small><br></div><div class="spacer battle-history"><br></div><div class="battle-history">superstitous used <strong>Double-Edge</strong>!<br></div><div class="battle-history"><small>(The opposing Umbreon lost <abbr title="−142/393">36.1%</abbr> of its health!)</small><br></div><div class="battle-history"><small>superstitous was damaged by the recoil!</small><br></div><div class="spacer battle-history"><br></div><div class="battle-history"><small>The opposing Umbreon restored a little HP using its Leftovers!</small><br></div><div class="battle-history"><small>superstitous restored a little HP using its Leftovers!</small><br></div><div class="spacer battle-history"><br></div><h2 class="battle-history">Turn 74</h2><div class="spacer battle-history"><br></div><div class="battle-history">superstitous, come back!<br></div><div class="battle-history">Go! rumble (<strong>Raikou</strong>)!<br></div><div class="battle-history"><small>rumble was hurt by the spikes!</small><br></div><div class="spacer battle-history"><br></div><div class="battle-history">The opposing Umbreon used <strong>Toxic</strong>!<br></div><div class="battle-history"><small>But it failed!</small><br></div><div class="spacer battle-history"><br></div><div class="battle-history"><small>rumble restored a little HP using its Leftovers!</small><br></div><div class="battle-history"><small>The opposing Umbreon restored a little HP using its Leftovers!</small><br></div><div class="spacer battle-history"><br></div><h2 class="battle-history">Turn 75</h2><div class="spacer battle-history"><br></div><div class="battle-history">rumble is fast asleep.<br></div><div class="spacer battle-history"><br></div><div class="battle-history">The opposing Umbreon used <strong>Toxic</strong>!<br></div><div class="battle-history"><small>rumble avoided the attack!</small><br></div><div class="spacer battle-history"><br></div><div class="battle-history"><small>rumble restored a little HP using its Leftovers!</small><br></div><div class="battle-history"><small>The opposing Umbreon restored a little HP using its Leftovers!</small><br></div><div class="spacer battle-history"><br></div><h2 class="battle-history">Turn 76</h2><div class="spacer battle-history"><br></div><div class="battle-history"><small>rumble woke up!</small><br></div><div class="spacer battle-history"><br></div><div class="battle-history">rumble used <strong>Thunder</strong>!<br></div><div class="battle-history"><small>(The opposing Umbreon lost <abbr title="−139/393">35.4%</abbr> of its health!)</small><br></div><div class="spacer battle-history"><br></div><div class="battle-history">The opposing Umbreon used <strong>Toxic</strong>!<br></div><div class="battle-history"><small>rumble was badly poisoned!</small><br></div><div class="spacer battle-history"><br></div><div class="battle-history"><small>rumble restored a little HP using its Leftovers!</small><br></div><div class="battle-history"><small>The opposing Umbreon restored a little HP using its Leftovers!</small><br></div><div class="spacer battle-history"><br></div><h2 class="battle-history">Turn 77</h2><div class="spacer battle-history"><br></div><div class="battle-history">rumble used <strong>Thunder</strong>!<br></div><div class="battle-history"><small>(The opposing Umbreon lost <abbr title="−131/393">33.3%</abbr> of its health!)</small><br></div><div class="battle-history"><small>rumble was hurt by poison!</small><br></div><div class="spacer battle-history"><br></div><div class="battle-history">The opposing Umbreon used <strong>Moonlight</strong>!<br></div><div class="battle-history"><small>The opposing Umbreon had its HP restored.</small><br></div><div class="spacer battle-history"><br></div><div class="battle-history"><small>rumble restored a little HP using its Leftovers!</small><br></div><div class="battle-history"><small>The opposing Umbreon restored a little HP using its Leftovers!</small><br></div><div class="spacer battle-history"><br></div><h2 class="battle-history">Turn 78</h2><div class="spacer battle-history"><br></div><div class="battle-history">rumble, come back!<br></div><div class="battle-history">Go! superstitous (<strong>Snorlax</strong>)!<br></div><div class="battle-history"><small>superstitous was hurt by the spikes!</small><br></div><div class="spacer battle-history"><br></div><div class="battle-history">Mr.378 withdrew Umbreon!<br></div><div class="battle-history">Mr.378 sent out <strong>Raikou</strong>!<br></div><div class="battle-history"><small>The opposing Raikou was hurt by the spikes!</small><br></div><div class="spacer battle-history"><br></div><div class="battle-history"><small>The opposing Raikou restored a little HP using its Leftovers!</small><br></div><div class="battle-history"><small>superstitous restored a little HP using its Leftovers!</small><br></div><div class="spacer battle-history"><br></div><h2 class="battle-history">Turn 79</h2><div class="spacer battle-history"><br></div><div class="battle-history">Mr.378 withdrew Raikou!<br></div><div class="battle-history">Mr.378 sent out <strong>Skarmory</strong>!<br></div><div class="spacer battle-history"><br></div><div class="battle-history">superstitous used <strong>Double-Edge</strong>!<br></div><div class="battle-history"><small>It's not very effective...</small><br></div><div class="battle-history"><small>(The opposing Skarmory lost <abbr title="−61/333">18.3%</abbr> of its health!)</small><br></div><div class="battle-history"><small>superstitous was damaged by the recoil!</small><br></div><div class="spacer battle-history"><br></div><div class="battle-history"><small>The opposing Skarmory restored a little HP using its Leftovers!</small><br></div><div class="battle-history"><small>superstitous restored a little HP using its Leftovers!</small><br></div><div class="spacer battle-history"><br></div><h2 class="battle-history">Turn 80</h2><div class="spacer battle-history"><br></div><div class="battle-history">superstitous, come back!<br></div><div class="battle-history">Go! exoskeleton (<strong>Cloyster</strong>)!<br></div><div class="battle-history"><small>exoskeleton was hurt by the spikes!</small><br></div><div class="spacer battle-history"><br></div><div class="battle-history">The opposing Skarmory used <strong>Rest</strong>!<br></div><div class="battle-history"><small>The opposing Skarmory fell asleep!</small><br></div><div class="battle-history"><small>The opposing Skarmory slept and became healthy!</small><br></div><div class="spacer battle-history"><br></div><div class="battle-history"><small>exoskeleton restored a little HP using its Leftovers!</small><br></div><div class="spacer battle-history"><br></div><h2 class="battle-history">Turn 81</h2><div class="spacer battle-history"><br></div><div class="battle-history">Mr.378 withdrew Skarmory!<br></div><div class="battle-history">Mr.378 sent out <strong>Umbreon</strong>!<br></div><div class="battle-history"><small>The opposing Umbreon was hurt by the spikes!</small><br></div><div class="spacer battle-history"><br></div><div class="battle-history">exoskeleton used <strong>Hidden Power</strong>!<br></div><div class="battle-history"><small>(The opposing Umbreon lost <abbr title="−42/393">10.7%</abbr> of its health!)</small><br></div><div class="spacer battle-history"><br></div><div class="battle-history"><small>exoskeleton restored a little HP using its Leftovers!</small><br></div><div class="battle-history"><small>The opposing Umbreon restored a little HP using its Leftovers!</small><br></div><div class="spacer battle-history"><br></div><h2 class="battle-history">Turn 82</h2><div class="spacer battle-history"><br></div><div class="battle-history">exoskeleton used <strong>Ice Beam</strong>!<br></div><div class="battle-history"><small>(The opposing Umbreon lost <abbr title="−84/393">21.4%</abbr> of its health!)</small><br></div><div class="battle-history"><small>The opposing Umbreon was frozen solid!</small><br></div><div class="spacer battle-history"><br></div><div class="battle-history">The opposing Umbreon is frozen solid!<br></div><div class="spacer battle-history"><br></div><div class="battle-history"><small>exoskeleton restored a little HP using its Leftovers!</small><br></div><div class="battle-history"><small>The opposing Umbreon restored a little HP using its Leftovers!</small><br></div><div class="spacer battle-history"><br></div><h2 class="battle-history">Turn 83</h2><div class="spacer battle-history"><br></div><div class="battle-history">exoskeleton used <strong>Ice Beam</strong>!<br></div><div class="battle-history"><small>(The opposing Umbreon lost <abbr title="−82/393">20.9%</abbr> of its health!)</small><br></div><div class="spacer battle-history"><br></div><div class="battle-history">The opposing Umbreon is frozen solid!<br></div><div class="spacer battle-history"><br></div><div class="battle-history"><small>exoskeleton restored a little HP using its Leftovers!</small><br></div><div class="battle-history"><small>The opposing Umbreon restored a little HP using its Leftovers!</small><br></div><div class="spacer battle-history"><br></div><h2 class="battle-history">Turn 84</h2><div class="spacer battle-history"><br></div><div class="battle-history">exoskeleton, come back!<br></div><div class="battle-history">Go! superstitous (<strong>Snorlax</strong>)!<br></div><div class="battle-history"><small>superstitous was hurt by the spikes!</small><br></div><div class="spacer battle-history"><br></div><div class="battle-history">The opposing Umbreon is frozen solid!<br></div><div class="spacer battle-history"><br></div><div class="battle-history"><small>The opposing Umbreon restored a little HP using its Leftovers!</small><br></div><div class="battle-history"><small>superstitous restored a little HP using its Leftovers!</small><br></div><div class="spacer battle-history"><br></div><h2 class="battle-history">Turn 85</h2><div class="spacer battle-history"><br></div><div class="battle-history">Mr.378 withdrew Umbreon!<br></div><div class="battle-history">Mr.378 sent out <strong>Skarmory</strong>!<br></div><div class="spacer battle-history"><br></div><div class="battle-history">superstitous used <strong>Double-Edge</strong>!<br></div><div class="battle-history"><small>It's not very effective...</small><br></div><div class="battle-history"><small>(The opposing Skarmory lost <abbr title="−58/333">17.4%</abbr> of its health!)</small><br></div><div class="battle-history"><small>superstitous was damaged by the recoil!</small><br></div><div class="spacer battle-history"><br></div><div class="battle-history"><small>The opposing Skarmory restored a little HP using its Leftovers!</small><br></div><div class="battle-history"><small>superstitous restored a little HP using its Leftovers!</small><br></div><div class="spacer battle-history"><br></div><h2 class="battle-history">Turn 86</h2><div class="spacer battle-history"><br></div><div class="battle-history">superstitous, come back!<br></div><div class="battle-history">Go! rumble (<strong>Raikou</strong>)!<br></div><div class="battle-history"><small>rumble was poisoned!</small><br></div><div class="battle-history"><small>rumble was hurt by the spikes!</small><br></div><div class="battle-history"><small>rumble was hurt by poison!</small><br></div><div class="spacer battle-history"><br></div><div class="battle-history">The opposing Skarmory is fast asleep.<br></div><div class="spacer battle-history"><br></div><div class="battle-history"><small>rumble restored a little HP using its Leftovers!</small><br></div><div class="battle-history"><small>The opposing Skarmory restored a little HP using its Leftovers!</small><br></div><div class="spacer battle-history"><br></div><h2 class="battle-history">Turn 87</h2><div class="spacer battle-history"><br></div><div class="battle-history">Mr.378 withdrew Skarmory!<br></div><div class="battle-history">Mr.378 sent out <strong>Snorlax</strong>!<br></div><div class="battle-history"><small>The opposing Snorlax was hurt by the spikes!</small><br></div><div class="spacer battle-history"><br></div><div class="battle-history">rumble used <strong>Hidden Power</strong>!<br></div><div class="battle-history"><small>(The opposing Snorlax lost <abbr title="−62/523">11.9%</abbr> of its health!)</small><br></div><div class="battle-history"><small>rumble was hurt by poison!</small><br></div><div class="spacer battle-history"><br></div><div class="battle-history"><small>rumble restored a little HP using its Leftovers!</small><br></div><div class="battle-history"><small>The opposing Snorlax restored a little HP using its Leftovers!</small><br></div><div class="spacer battle-history"><br></div><h2 class="battle-history">Turn 88</h2><div class="spacer battle-history"><br></div><div class="battle-history">rumble used <strong>Thunder</strong>!<br></div><div class="battle-history"><small>(The opposing Snorlax lost <abbr title="−135/523">25.8%</abbr> of its health!)</small><br></div><div class="battle-history"><small>rumble was hurt by poison!</small><br></div><div class="spacer battle-history"><br></div><div class="battle-history">The opposing Snorlax is fast asleep.<br></div><div class="spacer battle-history"><br></div><div class="battle-history"><small>rumble restored a little HP using its Leftovers!</small><br></div><div class="battle-history"><small>The opposing Snorlax restored a little HP using its Leftovers!</small><br></div><div class="spacer battle-history"><br></div><h2 class="battle-history">Turn 89</h2><div class="spacer battle-history"><br></div><div class="battle-history">rumble, come back!<br></div><div class="battle-history">Go! hammerin (<strong>Tyranitar</strong>)!<br></div><div class="battle-history"><small>hammerin was hurt by the spikes!</small><br></div><div class="spacer battle-history"><br></div><div class="battle-history">The opposing Snorlax is fast asleep.<br></div><div class="spacer battle-history"><br></div><div class="battle-history"><small>hammerin restored a little HP using its Leftovers!</small><br></div><div class="battle-history"><small>The opposing Snorlax restored a little HP using its Leftovers!</small><br></div><div class="spacer battle-history"><br></div><h2 class="battle-history">Turn 90</h2><div class="spacer battle-history"><br></div><div class="battle-history"><small>The opposing Snorlax woke up!</small><br></div><div class="spacer battle-history"><br></div><div class="battle-history">The opposing Snorlax used <strong>Rest</strong>!<br></div><div class="battle-history"><small>The opposing Snorlax fell asleep!</small><br></div><div class="battle-history"><small>The opposing Snorlax slept and became healthy!</small><br></div><div class="spacer battle-history"><br></div><div class="battle-history">hammerin used <strong>Roar</strong>!<br></div><div class="spacer battle-history"><br></div><div class="battle-history"><strong>Suicune</strong> was dragged out!<br></div><div class="battle-history"><small>The opposing Suicune was hurt by the spikes!</small><br></div><div class="spacer battle-history"><br></div><div class="battle-history"><small>The opposing Suicune restored a little HP using its Leftovers!</small><br></div><div class="battle-history"><small>hammerin restored a little HP using its Leftovers!</small><br></div><div class="spacer battle-history"><br></div><h2 class="battle-history">Turn 91</h2><div class="spacer battle-history"><br></div><div class="battle-history">hammerin, come back!<br></div><div class="battle-history">Go! rumble (<strong>Raikou</strong>)!<br></div><div class="battle-history"><small>rumble was hurt by the spikes!</small><br></div><div class="battle-history"><small>rumble was hurt by poison!</small><br></div><div class="spacer battle-history"><br></div><div class="battle-history">The opposing Suicune used <strong>Ice Beam</strong>!<br></div><div class="battle-history"><small>(rumble lost <abbr title="−74/367">20.2%</abbr> of its health!)</small><br></div><div class="spacer battle-history"><br></div><div class="battle-history"><small>rumble restored a little HP using its Leftovers!</small><br></div><div class="battle-history"><small>The opposing Suicune restored a little HP using its Leftovers!</small><br></div><div class="spacer battle-history"><br></div><h2 class="battle-history">Turn 92</h2><div class="spacer battle-history"><br></div><div class="battle-history">Mr.378 withdrew Suicune!<br></div><div class="battle-history">Mr.378 sent out <strong>Snorlax</strong>!<br></div><div class="battle-history"><small>The opposing Snorlax was hurt by the spikes!</small><br></div><div class="spacer battle-history"><br></div><div class="battle-history">rumble used <strong>Rest</strong>!<br></div><div class="battle-history"><small>rumble fell asleep!</small><br></div><div class="battle-history"><small>rumble slept and became healthy!</small><br></div><div class="spacer battle-history"><br></div><div class="battle-history"><small>The opposing Snorlax restored a little HP using its Leftovers!</small><br></div><div class="spacer battle-history"><br></div><h2 class="battle-history">Turn 93</h2><div class="spacer battle-history"><br></div><div class="battle-history">rumble is fast asleep.<br></div><div class="spacer battle-history"><br></div><div class="battle-history">rumble used <strong>Sleep Talk</strong>!<br></div><div class="spacer battle-history"><br></div><div class="battle-history">rumble used <strong>Thunder</strong>!<br></div><div class="battle-history"><small>(The opposing Snorlax lost <abbr title="−152/523">29.1%</abbr> of its health!)</small><br></div><div class="spacer battle-history"><br></div><div class="battle-history">The opposing Snorlax is fast asleep.<br></div><div class="spacer battle-history"><br></div><div class="battle-history"><small>The opposing Snorlax restored a little HP using its Leftovers!</small><br></div><div class="spacer battle-history"><br></div><h2 class="battle-history">Turn 94</h2><div class="spacer battle-history"><br></div><div class="battle-history">rumble, come back!<br></div><div class="battle-history">Go! hammerin (<strong>Tyranitar</strong>)!<br></div><div class="battle-history"><small>hammerin was hurt by the spikes!</small><br></div><div class="spacer battle-history"><br></div><div class="battle-history">The opposing Snorlax is fast asleep.<br></div><div class="spacer battle-history"><br></div><div class="battle-history"><small>hammerin restored a little HP using its Leftovers!</small><br></div><div class="battle-history"><small>The opposing Snorlax restored a little HP using its Leftovers!</small><br></div><div class="spacer battle-history"><br></div><h2 class="battle-history">Turn 95</h2><div class="spacer battle-history"><br></div><div class="battle-history">hammerin used <strong>Rock Slide</strong>!<br></div><div class="battle-history"><small>The opposing Snorlax avoided the attack!</small><br></div><div class="battle-history"><small>The opposing Snorlax woke up!</small><br></div><div class="spacer battle-history"><br></div><div class="battle-history">The opposing Snorlax used <strong>Double-Edge</strong>!<br></div><div class="battle-history"><small>It's not very effective...</small><br></div><div class="battle-history"><small>(hammerin lost <abbr title="−66/403">16.4%</abbr> of its health!)</small><br></div><div class="battle-history"><small>The opposing Snorlax was damaged by the recoil!</small><br></div><div class="spacer battle-history"><br></div><div class="battle-history"><small>hammerin restored a little HP using its Leftovers!</small><br></div><div class="battle-history"><small>The opposing Snorlax restored a little HP using its Leftovers!</small><br></div><div class="spacer battle-history"><br></div><h2 class="battle-history">Turn 96</h2><div class="spacer battle-history"><br></div><div class="battle-history">hammerin used <strong>Rock Slide</strong>!<br></div><div class="battle-history"><small>The opposing Snorlax avoided the attack!</small><br></div><div class="spacer battle-history"><br></div><div class="battle-history">The opposing Snorlax used <strong>Double-Edge</strong>!<br></div><div class="battle-history"><small>It's not very effective...</small><br></div><div class="battle-history"><small>(hammerin lost <abbr title="−70/403">17.4%</abbr> of its health!)</small><br></div><div class="battle-history"><small>The opposing Snorlax was damaged by the recoil!</small><br></div><div class="spacer battle-history"><br></div><div class="battle-history"><small>hammerin restored a little HP using its Leftovers!</small><br></div><div class="battle-history"><small>The opposing Snorlax restored a little HP using its Leftovers!</small><br></div><div class="spacer battle-history"><br></div><h2 class="battle-history">Turn 97</h2><div class="spacer battle-history"><br></div><div class="battle-history">hammerin, come back!<br></div><div class="battle-history">Go! creep show (<strong>Gengar</strong>)!<br></div><div class="battle-history"><small>creep show was hurt by the spikes!</small><br></div><div class="spacer battle-history"><br></div><div class="battle-history">The opposing Snorlax used <strong>Double-Edge</strong>!<br></div><div class="battle-history"><small>It doesn't affect creep show...</small><br></div><div class="spacer battle-history"><br></div><div class="battle-history"><small>creep show restored a little HP using its Leftovers!</small><br></div><div class="battle-history"><small>The opposing Snorlax restored a little HP using its Leftovers!</small><br></div><div class="spacer battle-history"><br></div><h2 class="battle-history">Turn 98</h2><div class="spacer battle-history"><br></div><div class="battle-history">creep show used <strong>Ice Punch</strong>!<br></div><div class="battle-history"><small>(The opposing Snorlax lost <abbr title="−66/523">12.6%</abbr> of its health!)</small><br></div><div class="battle-history"><small>The opposing Snorlax was frozen solid!</small><br></div><div class="spacer battle-history"><br></div><div class="battle-history">The opposing Snorlax is frozen solid!<br></div><div class="spacer battle-history"><br></div><div class="battle-history"><small>creep show restored a little HP using its Leftovers!</small><br></div><div class="battle-history"><small>The opposing Snorlax restored a little HP using its Leftovers!</small><br></div><div class="spacer battle-history"><br></div><h2 class="battle-history">Turn 99</h2><div class="spacer battle-history"><br></div><div class="battle-history">creep show used <strong>Thunderbolt</strong>!<br></div><div class="battle-history"><small>(The opposing Snorlax lost <abbr title="−84/523">16.1%</abbr> of its health!)</small><br></div><div class="spacer battle-history"><br></div><div class="battle-history">The opposing Snorlax is frozen solid!<br></div><div class="spacer battle-history"><br></div><div class="battle-history"><small>The opposing Snorlax restored a little HP using its Leftovers!</small><br></div><div class="spacer battle-history"><br></div><h2 class="battle-history">Turn 100</h2><div class="spacer battle-history"><br></div><div class="battle-history">creep show, come back!<br></div><div class="battle-history">Go! superstitous (<strong>Snorlax</strong>)!<br></div><div class="battle-history"><small>superstitous was hurt by the spikes!</small><br></div><div class="spacer battle-history"><br></div><div class="battle-history">The opposing Snorlax is frozen solid!<br></div><div class="spacer battle-history"><br></div><div class="battle-history"><small>The opposing Snorlax restored a little HP using its Leftovers!</small><br></div><div class="battle-history"><small>superstitous restored a little HP using its Leftovers!</small><br></div><div class="spacer battle-history"><br></div><h2 class="battle-history">Turn 101</h2><div class="spacer battle-history"><br></div><div class="battle-history">Mr.378 withdrew Snorlax!<br></div><div class="battle-history">Mr.378 sent out <strong>Skarmory</strong>!<br></div><div class="spacer battle-history"><br></div><div class="battle-history">superstitous used <strong>Curse</strong>!<br></div><div class="battle-history"><small>superstitous's Speed fell!</small><br></div><div class="battle-history"><small>superstitous's Attack rose!</small><br></div><div class="battle-history"><small>superstitous's Defense rose!</small><br></div><div class="spacer battle-history"><br></div><div class="battle-history"><small>The opposing Skarmory restored a little HP using its Leftovers!</small><br></div><div class="battle-history"><small>superstitous restored a little HP using its Leftovers!</small><br></div><div class="spacer battle-history"><br></div><h2 class="battle-history">Turn 102</h2><div class="spacer battle-history"><br></div><div class="battle-history">superstitous used <strong>Lovely Kiss</strong>!<br></div><div class="battle-history"><small>The opposing Skarmory is already asleep!</small><br></div><div class="spacer battle-history"><br></div><div class="battle-history">The opposing Skarmory is fast asleep.<br></div><div class="spacer battle-history"><br></div><div class="battle-history"><small>superstitous restored a little HP using its Leftovers!</small><br></div><div class="spacer battle-history"><br></div><h2 class="battle-history">Turn 103</h2><div class="spacer battle-history"><br></div><div class="battle-history"><small>The opposing Skarmory woke up!</small><br></div><div class="spacer battle-history"><br></div><div class="battle-history">The opposing Skarmory used <strong>Curse</strong>!<br></div><div class="battle-history"><small>The opposing Skarmory's Speed fell!</small><br></div><div class="battle-history"><small>The opposing Skarmory's Attack rose!</small><br></div><div class="battle-history"><small>The opposing Skarmory's Defense rose!</small><br></div><div class="spacer battle-history"><br></div><div class="battle-history">superstitous used <strong>Lovely Kiss</strong>!<br></div><div class="battle-history"><small>The opposing Skarmory avoided the attack!</small><br></div><div class="spacer battle-history"><br></div><div class="battle-history"><small>superstitous restored a little HP using its Leftovers!</small><br></div><div class="spacer battle-history"><br></div><h2 class="battle-history">Turn 104</h2><div class="spacer battle-history"><br></div><div class="battle-history">superstitous used <strong>Lovely Kiss</strong>!<br></div><div class="battle-history"><small>The opposing Skarmory avoided the attack!</small><br></div><div class="spacer battle-history"><br></div><div class="battle-history">The opposing Skarmory used <strong>Whirlwind</strong>!<br></div><div class="spacer battle-history"><br></div><div class="battle-history">cargo jet (<strong>Skarmory</strong>) was dragged out!<br></div><div class="spacer battle-history"><br></div><div class="battle-history"><small>cargo jet restored a little HP using its Leftovers!</small><br></div><div class="spacer battle-history"><br></div><h2 class="battle-history">Turn 105</h2><div class="spacer battle-history"><br></div><div class="battle-history">cargo jet used <strong>Whirlwind</strong>!<br></div><div class="battle-history"><small>But it failed!</small><br></div><div class="spacer battle-history"><br></div><div class="battle-history">The opposing Skarmory used <strong>Whirlwind</strong>!<br></div><div class="spacer battle-history"><br></div><div class="battle-history">exoskeleton (<strong>Cloyster</strong>) was dragged out!<br></div><div class="battle-history"><small>exoskeleton was hurt by the spikes!</small><br></div><div class="spacer battle-history"><br></div><div class="battle-history"><small>exoskeleton restored a little HP using its Leftovers!</small><br></div><div class="spacer battle-history"><br></div><h2 class="battle-history">Turn 106</h2><div class="spacer battle-history"><br></div><div class="battle-history">exoskeleton, come back!<br></div><div class="battle-history">Go! rumble (<strong>Raikou</strong>)!<br></div><div class="battle-history"><small>rumble was hurt by the spikes!</small><br></div><div class="spacer battle-history"><br></div><div class="battle-history">The opposing Skarmory used <strong>Drill Peck</strong>!<br></div><div class="battle-history"><small>It's not very effective...</small><br></div><div class="battle-history"><small>(rumble lost <abbr title="−76/367">20.7%</abbr> of its health!)</small><br></div><div class="spacer battle-history"><br></div><div class="battle-history"><small>rumble restored a little HP using its Leftovers!</small><br></div><div class="spacer battle-history"><br></div><h2 class="battle-history">Turn 107</h2><div class="spacer battle-history"><br></div><div class="battle-history">Mr.378 withdrew Skarmory!<br></div><div class="battle-history">Mr.378 sent out <strong>Snorlax</strong>!<br></div><div class="battle-history"><small>The opposing Snorlax was hurt by the spikes!</small><br></div><div class="spacer battle-history"><br></div><div class="battle-history">rumble is fast asleep.<br></div><div class="spacer battle-history"><br></div><div class="battle-history"><small>rumble restored a little HP using its Leftovers!</small><br></div><div class="battle-history"><small>The opposing Snorlax restored a little HP using its Leftovers!</small><br></div><div class="spacer battle-history"><br></div><h2 class="battle-history">Turn 108</h2><div class="spacer battle-history"><br></div><div class="battle-history">rumble, come back!<br></div><div class="battle-history">Go! superstitous (<strong>Snorlax</strong>)!<br></div><div class="battle-history"><small>superstitous was hurt by the spikes!</small><br></div><div class="spacer battle-history"><br></div><div class="battle-history">The opposing Snorlax is frozen solid!<br></div><div class="spacer battle-history"><br></div><div class="battle-history"><small>superstitous restored a little HP using its Leftovers!</small><br></div><div class="battle-history"><small>The opposing Snorlax restored a little HP using its Leftovers!</small><br></div><div class="spacer battle-history"><br></div><h2 class="battle-history">Turn 109</h2><div class="spacer battle-history"><br></div><div class="battle-history">Mr.378 withdrew Snorlax!<br></div><div class="battle-history">Mr.378 sent out <strong>Skarmory</strong>!<br></div><div class="spacer battle-history"><br></div><div class="battle-history">superstitous used <strong>Curse</strong>!<br></div><div class="battle-history"><small>superstitous's Speed fell!</small><br></div><div class="battle-history"><small>superstitous's Attack rose!</small><br></div><div class="battle-history"><small>superstitous's Defense rose!</small><br></div><div class="spacer battle-history"><br></div><div class="battle-history"><small>superstitous restored a little HP using its Leftovers!</small><br></div><div class="spacer battle-history"><br></div><h2 class="battle-history">Turn 110</h2><div class="spacer battle-history"><br></div><div class="battle-history">The opposing Skarmory used <strong>Curse</strong>!<br></div><div class="battle-history"><small>The opposing Skarmory's Speed fell!</small><br></div><div class="battle-history"><small>The opposing Skarmory's Attack rose!</small><br></div><div class="battle-history"><small>The opposing Skarmory's Defense rose!</small><br></div><div class="spacer battle-history"><br></div><div class="battle-history">superstitous used <strong>Lovely Kiss</strong>!<br></div><div class="battle-history"><small>The opposing Skarmory avoided the attack!</small><br></div><div class="spacer battle-history"><br></div><div class="battle-history"><small>superstitous restored a little HP using its Leftovers!</small><br></div><div class="spacer battle-history"><br></div><h2 class="battle-history">Turn 111</h2><div class="spacer battle-history"><br></div><div class="battle-history">The opposing Skarmory used <strong>Drill Peck</strong>!<br></div><div class="battle-history"><small>(superstitous lost <abbr title="−108/523">20.7%</abbr> of its health!)</small><br></div><div class="spacer battle-history"><br></div><div class="battle-history">superstitous used <strong>Lovely Kiss</strong>!<br></div><div class="battle-history"><small>The opposing Skarmory fell asleep!</small><br></div><div class="spacer battle-history"><br></div><div class="battle-history"><small>superstitous restored a little HP using its Leftovers!</small><br></div><div class="spacer battle-history"><br></div><h2 class="battle-history">Turn 112</h2><div class="spacer battle-history"><br></div><div class="battle-history">superstitous, come back!<br></div><div class="battle-history">Go! rumble (<strong>Raikou</strong>)!<br></div><div class="battle-history"><small>rumble was hurt by the spikes!</small><br></div><div class="spacer battle-history"><br></div><div class="battle-history">The opposing Skarmory is fast asleep.<br></div><div class="spacer battle-history"><br></div><div class="battle-history"><small>rumble restored a little HP using its Leftovers!</small><br></div><div class="spacer battle-history"><br></div><h2 class="battle-history">Turn 113</h2><div class="spacer battle-history"><br></div><div class="battle-history">Mr.378 withdrew Skarmory!<br></div><div class="battle-history">Mr.378 sent out <strong>Snorlax</strong>!<br></div><div class="battle-history"><small>The opposing Snorlax was hurt by the spikes!</small><br></div><div class="battle-history"><small>rumble woke up!</small><br></div><div class="spacer battle-history"><br></div><div class="battle-history">rumble used <strong>Thunder</strong>!<br></div><div class="battle-history"><small>The opposing Snorlax avoided the attack!</small><br></div><div class="spacer battle-history"><br></div><div class="battle-history"><small>rumble restored a little HP using its Leftovers!</small><br></div><div class="battle-history"><small>The opposing Snorlax restored a little HP using its Leftovers!</small><br></div><div class="spacer battle-history"><br></div><h2 class="battle-history">Turn 114</h2><div class="spacer battle-history"><br></div><div class="battle-history">rumble, come back!<br></div><div class="battle-history">Go! superstitous (<strong>Snorlax</strong>)!<br></div><div class="battle-history"><small>superstitous was hurt by the spikes!</small><br></div><div class="spacer battle-history"><br></div><div class="battle-history">The opposing Snorlax is frozen solid!<br></div><div class="spacer battle-history"><br></div><div class="battle-history"><small>The opposing Snorlax restored a little HP using its Leftovers!</small><br></div><div class="battle-history"><small>superstitous restored a little HP using its Leftovers!</small><br></div><div class="spacer battle-history"><br></div><h2 class="battle-history">Turn 115</h2><div class="spacer battle-history"><br></div><div class="battle-history">Mr.378 withdrew Snorlax!<br></div><div class="battle-history">Mr.378 sent out <strong>Skarmory</strong>!<br></div><div class="spacer battle-history"><br></div><div class="battle-history">superstitous used <strong>Double-Edge</strong>!<br></div><div class="battle-history"><small>It's not very effective...</small><br></div><div class="battle-history"><small>(The opposing Skarmory lost <abbr title="−57/333">17.1%</abbr> of its health!)</small><br></div><div class="battle-history"><small>superstitous was damaged by the recoil!</small><br></div><div class="spacer battle-history"><br></div><div class="battle-history"><small>The opposing Skarmory restored a little HP using its Leftovers!</small><br></div><div class="battle-history"><small>superstitous restored a little HP using its Leftovers!</small><br></div><div class="spacer battle-history"><br></div><h2 class="battle-history">Turn 116</h2><div class="spacer battle-history"><br></div><div class="battle-history">superstitous, come back!<br></div><div class="battle-history">Go! exoskeleton (<strong>Cloyster</strong>)!<br></div><div class="battle-history"><small>exoskeleton was hurt by the spikes!</small><br></div><div class="spacer battle-history"><br></div><div class="battle-history">The opposing Skarmory is fast asleep.<br></div><div class="spacer battle-history"><br></div><div class="battle-history"><small>exoskeleton restored a little HP using its Leftovers!</small><br></div><div class="battle-history"><small>The opposing Skarmory restored a little HP using its Leftovers!</small><br></div><div class="spacer battle-history"><br></div><h2 class="battle-history">Turn 117</h2><div class="spacer battle-history"><br></div><div class="battle-history">Mr.378 withdrew Skarmory!<br></div><div class="battle-history">Mr.378 sent out <strong>Suicune</strong>!<br></div><div class="battle-history"><small>The opposing Suicune was hurt by the spikes!</small><br></div><div class="spacer battle-history"><br></div><div class="battle-history">exoskeleton used <strong>Ice Beam</strong>!<br></div><div class="battle-history"><small>It's not very effective...</small><br></div><div class="battle-history"><small>(The opposing Suicune lost <abbr title="−43/403">10.7%</abbr> of its health!)</small><br></div><div class="spacer battle-history"><br></div><div class="battle-history"><small>The opposing Suicune restored a little HP using its Leftovers!</small><br></div><div class="battle-history"><small>exoskeleton restored a little HP using its Leftovers!</small><br></div><div class="spacer battle-history"><br></div><h2 class="battle-history">Turn 118</h2><div class="spacer battle-history"><br></div><div class="battle-history">The opposing Suicune used <strong>Surf</strong>!<br></div><div class="battle-history"><small>It's not very effective...</small><br></div><div class="battle-history"><small>(exoskeleton lost <abbr title="−80/287">27.9%</abbr> of its health!)</small><br></div><div class="spacer battle-history"><br></div><div class="battle-history">exoskeleton used <strong>Hidden Power</strong>!<br></div><div class="battle-history"><small>It's super effective!</small><br></div><div class="battle-history"><small>(The opposing Suicune lost <abbr title="−85/403">21.1%</abbr> of its health!)</small><br></div><div class="spacer battle-history"><br></div><div class="battle-history"><small>The opposing Suicune restored a little HP using its Leftovers!</small><br></div><div class="battle-history"><small>exoskeleton restored a little HP using its Leftovers!</small><br></div><div class="spacer battle-history"><br></div><h2 class="battle-history">Turn 119</h2><div class="spacer battle-history"><br></div><div class="battle-history">exoskeleton, come back!<br></div><div class="battle-history">Go! rumble (<strong>Raikou</strong>)!<br></div><div class="battle-history"><small>rumble was hurt by the spikes!</small><br></div><div class="spacer battle-history"><br></div><div class="battle-history">The opposing Suicune used <strong>Rest</strong>!<br></div><div class="battle-history"><small>The opposing Suicune fell asleep!</small><br></div><div class="battle-history"><small>The opposing Suicune slept and became healthy!</small><br></div><div class="spacer battle-history"><br></div><div class="battle-history"><small>rumble restored a little HP using its Leftovers!</small><br></div><div class="spacer battle-history"><br></div><h2 class="battle-history">Turn 120</h2><div class="spacer battle-history"><br></div><div class="battle-history">rumble, come back!<br></div><div class="battle-history">Go! superstitous (<strong>Snorlax</strong>)!<br></div><div class="battle-history"><small>superstitous was hurt by the spikes!</small><br></div><div class="spacer battle-history"><br></div><div class="battle-history">Mr.378 withdrew Suicune!<br></div><div class="battle-history">Mr.378 sent out <strong>Snorlax</strong>!<br></div><div class="battle-history"><small>The opposing Snorlax was hurt by the spikes!</small><br></div><div class="spacer battle-history"><br></div><div class="battle-history"><small>superstitous restored a little HP using its Leftovers!</small><br></div><div class="battle-history"><small>The opposing Snorlax restored a little HP using its Leftovers!</small><br></div><div class="spacer battle-history"><br></div><h2 class="battle-history">Turn 121</h2><div class="spacer battle-history"><br></div><div class="battle-history">superstitous, come back!<br></div><div class="battle-history">Go! creep show (<strong>Gengar</strong>)!<br></div><div class="battle-history"><small>creep show was hurt by the spikes!</small><br></div><div class="spacer battle-history"><br></div><div class="battle-history">Mr.378 withdrew Snorlax!<br></div><div class="battle-history">Mr.378 sent out <strong>Skarmory</strong>!<br></div><div class="spacer battle-history"><br></div><div class="battle-history"><small>creep show restored a little HP using its Leftovers!</small><br></div><div class="battle-history"><small>The opposing Skarmory restored a little HP using its Leftovers!</small><br></div><div class="spacer battle-history"><br></div><h2 class="battle-history">Turn 122</h2><div class="spacer battle-history"><br></div><div class="battle-history">Mr.378 withdrew Skarmory!<br></div><div class="battle-history">Mr.378 sent out <strong>Snorlax</strong>!<br></div><div class="battle-history"><small>The opposing Snorlax was hurt by the spikes!</small><br></div><div class="spacer battle-history"><br></div><div class="battle-history">creep show used <strong>Thunderbolt</strong>!<br></div><div class="battle-history"><small>(The opposing Snorlax lost <abbr title="−85/523">16.3%</abbr> of its health!)</small><br></div><div class="spacer battle-history"><br></div><div class="battle-history"><small>creep show restored a little HP using its Leftovers!</small><br></div><div class="battle-history"><small>The opposing Snorlax restored a little HP using its Leftovers!</small><br></div><div class="spacer battle-history"><br></div><h2 class="battle-history">Turn 123</h2><div class="spacer battle-history"><br></div><div class="battle-history">creep show used <strong>Thunderbolt</strong>!<br></div><div class="battle-history"><small>(The opposing Snorlax lost <abbr title="−78/523">14.9%</abbr> of its health!)</small><br></div><div class="spacer battle-history"><br></div><div class="battle-history">The opposing Snorlax is frozen solid!<br></div><div class="spacer battle-history"><br></div><div class="battle-history"><small>The opposing Snorlax restored a little HP using its Leftovers!</small><br></div><div class="spacer battle-history"><br></div><h2 class="battle-history">Turn 124</h2><div class="spacer battle-history"><br></div><div class="battle-history">creep show used <strong>Thunderbolt</strong>!<br></div><div class="battle-history"><small>(The opposing Snorlax lost <abbr title="−79/523">15.1%</abbr> of its health!)</small><br></div><div class="spacer battle-history"><br></div><div class="battle-history">The opposing Snorlax is frozen solid!<br></div><div class="spacer battle-history"><br></div><div class="battle-history"><small>The opposing Snorlax restored a little HP using its Leftovers!</small><br></div><div class="spacer battle-history"><br></div><h2 class="battle-history">Turn 125</h2><div class="spacer battle-history"><br></div><div class="battle-history">creep show used <strong>Thunderbolt</strong>!<br></div><div class="battle-history"><small>(The opposing Snorlax lost <abbr title="−88/523">16.8%</abbr> of its health!)</small><br></div><div class="spacer battle-history"><br></div><div class="battle-history">The opposing Snorlax is frozen solid!<br></div><div class="spacer battle-history"><br></div><div class="battle-history"><small>The opposing Snorlax restored a little HP using its Leftovers!</small><br></div><div class="spacer battle-history"><br></div><h2 class="battle-history">Turn 126</h2><div class="spacer battle-history"><br></div><div class="battle-history">creep show used <strong>Thunderbolt</strong>!<br></div><div class="battle-history"><small>(The opposing Snorlax lost <abbr title="−83/523">15.9%</abbr> of its health!)</small><br></div><div class="spacer battle-history"><br></div><div class="battle-history">The opposing Snorlax is frozen solid!<br></div><div class="spacer battle-history"><br></div><div class="battle-history"><small>The opposing Snorlax restored a little HP using its Leftovers!</small><br></div><div class="spacer battle-history"><br></div><h2 class="battle-history">Turn 127</h2><div class="spacer battle-history"><br></div><div class="battle-history">creep show used <strong>Ice Punch</strong>!<br></div><div class="battle-history"><small>(The opposing Snorlax lost <abbr title="−58/523">11.1%</abbr> of its health!)</small><br></div><div class="spacer battle-history"><br></div><div class="battle-history">The opposing Snorlax fainted!<br></div><div class="spacer battle-history"><br></div><div class="battle-history">Mr.378 sent out <strong>Raikou</strong>!<br></div><div class="battle-history"><small>The opposing Raikou was hurt by the spikes!</small><br></div><div class="spacer battle-history"><br></div><div class="battle-history"><small>The opposing Raikou restored a little HP using its Leftovers!</small><br></div><div class="spacer battle-history"><br></div><h2 class="battle-history">Turn 128</h2><div class="spacer battle-history"><br></div><div class="battle-history">The opposing Raikou used <strong>Rest</strong>!<br></div><div class="battle-history"><small>The opposing Raikou fell asleep!</small><br></div><div class="battle-history"><small>The opposing Raikou slept and became healthy!</small><br></div><div class="spacer battle-history"><br></div><div class="battle-history">creep show used <strong>Explosion</strong>!<br></div><div class="battle-history"><small>(The opposing Raikou lost <abbr title="−350/383">91.4%</abbr> of its health!)</small><br></div><div class="spacer battle-history"><br></div><div class="battle-history">creep show fainted!<br></div><div class="spacer battle-history"><br></div><div class="battle-history">Go! exoskeleton (<strong>Cloyster</strong>)!<br></div><div class="battle-history"><small>exoskeleton was hurt by the spikes!</small><br></div><div class="spacer battle-history"><br></div><div class="battle-history"><small>The opposing Raikou restored a little HP using its Leftovers!</small><br></div><div class="battle-history"><small>exoskeleton restored a little HP using its Leftovers!</small><br></div><div class="spacer battle-history"><br></div><h2 class="battle-history">Turn 129</h2><div class="spacer battle-history"><br></div><div class="battle-history">exoskeleton used <strong>Ice Beam</strong>!<br></div><div class="battle-history"><small>(The opposing Raikou lost <abbr title="−56/383">14.6%</abbr> of its health!)</small><br></div><div class="spacer battle-history"><br></div><div class="battle-history">The opposing Raikou fainted!<br></div><div class="spacer battle-history"><br></div><div class="battle-history">Mr.378 sent out <strong>Suicune</strong>!<br></div><div class="battle-history"><small>The opposing Suicune was hurt by the spikes!</small><br></div><div class="spacer battle-history"><br></div><div class="battle-history"><small>The opposing Suicune restored a little HP using its Leftovers!</small><br></div><div class="battle-history"><small>exoskeleton restored a little HP using its Leftovers!</small><br></div><div class="spacer battle-history"><br></div><h2 class="battle-history">Turn 130</h2><div class="spacer battle-history"><br></div><div class="battle-history">The opposing Suicune is fast asleep.<br></div><div class="spacer battle-history"><br></div><div class="battle-history">The opposing Suicune used <strong>Sleep Talk</strong>!<br></div><div class="spacer battle-history"><br></div><div class="battle-history">The opposing Suicune used <strong>Rest</strong>!<br></div><div class="battle-history"><small>The opposing Suicune slept and became healthy!</small><br></div><div class="spacer battle-history"><br></div><div class="battle-history">exoskeleton used <strong>Explosion</strong>!<br></div><div class="battle-history"><small>(The opposing Suicune lost <abbr title="−334/403">82.9%</abbr> of its health!)</small><br></div><div class="spacer battle-history"><br></div><div class="battle-history">exoskeleton fainted!<br></div><div class="spacer battle-history"><br></div><div class="battle-history">Go! rumble (<strong>Raikou</strong>)!<br></div><div class="battle-history"><small>rumble was hurt by the spikes!</small><br></div><div class="spacer battle-history"><br></div><div class="battle-history"><small>rumble restored a little HP using its Leftovers!</small><br></div><div class="battle-history"><small>The opposing Suicune restored a little HP using its Leftovers!</small><br></div><div class="spacer battle-history"><br></div><h2 class="battle-history">Turn 131</h2><div class="spacer battle-history"><br></div><div class="battle-history">rumble used <strong>Thunder</strong>!<br></div><div class="battle-history"><small>It's super effective!</small><br></div><div class="battle-history"><small>(The opposing Suicune lost <abbr title="−94/403">23.3%</abbr> of its health!)</small><br></div><div class="spacer battle-history"><br></div><div class="battle-history">The opposing Suicune fainted!<br></div><div class="spacer battle-history"><br></div><div class="battle-history">Mr.378 sent out <strong>Forretress</strong>!<br></div><div class="battle-history"><small>The opposing Forretress was hurt by the spikes!</small><br></div><div class="spacer battle-history"><br></div><div class="battle-history"><small>rumble restored a little HP using its Leftovers!</small><br></div><div class="battle-history"><small>The opposing Forretress restored a little HP using its Leftovers!</small><br></div><div class="spacer battle-history"><br></div><h2 class="battle-history">Turn 132</h2><div class="spacer battle-history"><br></div><div class="battle-history">rumble used <strong>Thunder</strong>!<br></div><div class="battle-history"><small>The opposing Forretress avoided the attack!</small><br></div><div class="spacer battle-history"><br></div><div class="battle-history">The opposing Forretress is paralyzed! It can't move!<br></div><div class="spacer battle-history"><br></div><div class="battle-history"><small>rumble restored a little HP using its Leftovers!</small><br></div><div class="battle-history"><small>The opposing Forretress restored a little HP using its Leftovers!</small><br></div><div class="spacer battle-history"><br></div><h2 class="battle-history">Turn 133</h2><div class="spacer battle-history"><br></div><div class="battle-history">rumble used <strong>Thunder</strong>!<br></div><div class="battle-history"><small>The opposing Forretress avoided the attack!</small><br></div><div class="spacer battle-history"><br></div><div class="battle-history">The opposing Forretress used <strong>Rapid Spin</strong>!<br></div><div class="battle-history"><small>(rumble lost <abbr title="−18/367">4.9%</abbr> of its health!)</small><br></div><div class="battle-history"><small>The spikes disappeared from the ground around the opposing team!</small><br></div><div class="spacer battle-history"><br></div><div class="battle-history"><small>rumble restored a little HP using its Leftovers!</small><br></div><div class="battle-history"><small>The opposing Forretress restored a little HP using its Leftovers!</small><br></div><div class="spacer battle-history"><br></div><h2 class="battle-history">Turn 134</h2><div class="spacer battle-history"><br></div><div class="battle-history">rumble used <strong>Thunder</strong>!<br></div><div class="battle-history"><small>The opposing Forretress avoided the attack!</small><br></div><div class="spacer battle-history"><br></div><div class="battle-history">The opposing Forretress used <strong>Toxic</strong>!<br></div><div class="battle-history"><small>rumble was badly poisoned!</small><br></div><div class="spacer battle-history"><br></div><div class="battle-history"><small>rumble restored a little HP using its Leftovers!</small><br></div><div class="battle-history"><small>The opposing Forretress restored a little HP using its Leftovers!</small><br></div><div class="spacer battle-history"><br></div><h2 class="battle-history">Turn 135</h2><div class="spacer battle-history"><br></div><div class="battle-history">rumble, come back!<br></div><div class="battle-history">Go! cargo jet (<strong>Skarmory</strong>)!<br></div><div class="spacer battle-history"><br></div><div class="battle-history">Mr.378 withdrew Forretress!<br></div><div class="battle-history">Mr.378 sent out <strong>Umbreon</strong>!<br></div><div class="spacer battle-history"><br></div><div class="battle-history"><small>cargo jet restored a little HP using its Leftovers!</small><br></div><div class="battle-history"><small>The opposing Umbreon restored a little HP using its Leftovers!</small><br></div><div class="spacer battle-history"><br></div><h2 class="battle-history">Turn 136</h2><div class="spacer battle-history"><br></div><div class="battle-history">Mr.378 withdrew Umbreon!<br></div><div class="battle-history">Mr.378 sent out <strong>Forretress</strong>!<br></div><div class="spacer battle-history"><br></div><div class="battle-history">cargo jet used <strong>Drill Peck</strong>!<br></div><div class="battle-history"><small>(The opposing Forretress lost <abbr title="−67/329">20.4%</abbr> of its health!)</small><br></div><div class="spacer battle-history"><br></div><div class="battle-history"><small>cargo jet restored a little HP using its Leftovers!</small><br></div><div class="battle-history"><small>The opposing Forretress restored a little HP using its Leftovers!</small><br></div><div class="spacer battle-history"><br></div><h2 class="battle-history">Turn 137</h2><div class="spacer battle-history"><br></div><div class="battle-history">cargo jet used <strong>Curse</strong>!<br></div><div class="battle-history"><small>cargo jet's Speed fell!</small><br></div><div class="battle-history"><small>cargo jet's Attack rose!</small><br></div><div class="battle-history"><small>cargo jet's Defense rose!</small><br></div><div class="spacer battle-history"><br></div><div class="battle-history">The opposing Forretress used <strong>Hidden Power</strong>!<br></div><div class="battle-history"><small>It's super effective!</small><br></div><div class="battle-history"><small>(cargo jet lost <abbr title="−100/333">30.0%</abbr> of its health!)</small><br></div><div class="spacer battle-history"><br></div><div class="battle-history"><small>cargo jet restored a little HP using its Leftovers!</small><br></div><div class="battle-history"><small>The opposing Forretress restored a little HP using its Leftovers!</small><br></div><div class="spacer battle-history"><br></div><h2 class="battle-history">Turn 138</h2><div class="spacer battle-history"><br></div><div class="battle-history">cargo jet used <strong>Drill Peck</strong>!<br></div><div class="battle-history"><small>(The opposing Forretress lost <abbr title="−104/329">31.6%</abbr> of its health!)</small><br></div><div class="spacer battle-history"><br></div><div class="battle-history">The opposing Forretress used <strong>Hidden Power</strong>!<br></div><div class="battle-history"><small>It's super effective!</small><br></div><div class="battle-history"><small>(cargo jet lost <abbr title="−106/333">31.8%</abbr> of its health!)</small><br></div><div class="spacer battle-history"><br></div><div class="battle-history"><small>cargo jet restored a little HP using its Leftovers!</small><br></div><div class="battle-history"><small>The opposing Forretress restored a little HP using its Leftovers!</small><br></div><div class="spacer battle-history"><br></div><h2 class="battle-history">Turn 139</h2><div class="spacer battle-history"><br></div><div class="battle-history">Mr.378 withdrew Forretress!<br></div><div class="battle-history">Mr.378 sent out <strong>Skarmory</strong>!<br></div><div class="spacer battle-history"><br></div><div class="battle-history">cargo jet used <strong>Drill Peck</strong>!<br></div><div class="battle-history"><small>It's not very effective...</small><br></div><div class="battle-history"><small>(The opposing Skarmory lost <abbr title="−50/333">15.0%</abbr> of its health!)</small><br></div><div class="spacer battle-history"><br></div><div class="battle-history"><small>The opposing Skarmory restored a little HP using its Leftovers!</small><br></div><div class="battle-history"><small>cargo jet restored a little HP using its Leftovers!</small><br></div><div class="spacer battle-history"><br></div><h2 class="battle-history">Turn 140</h2><div class="spacer battle-history"><br></div><div class="battle-history"><small>The opposing Skarmory woke up!</small><br></div><div class="spacer battle-history"><br></div><div class="battle-history">The opposing Skarmory used <strong>Whirlwind</strong>!<br></div><div class="battle-history"><small>But it failed!</small><br></div><div class="spacer battle-history"><br></div><div class="battle-history">cargo jet used <strong>Whirlwind</strong>!<br></div><div class="spacer battle-history"><br></div><div class="battle-history"><strong>Umbreon</strong> was dragged out!<br></div><div class="spacer battle-history"><br></div><div class="battle-history"><small>The opposing Umbreon restored a little HP using its Leftovers!</small><br></div><div class="battle-history"><small>cargo jet restored a little HP using its Leftovers!</small><br></div><div class="spacer battle-history"><br></div><h2 class="battle-history">Turn 141</h2><div class="spacer battle-history"><br></div><div class="battle-history">Mr.378 withdrew Umbreon!<br></div><div class="battle-history">Mr.378 sent out <strong>Skarmory</strong>!<br></div><div class="spacer battle-history"><br></div><div class="battle-history">cargo jet used <strong>Drill Peck</strong>!<br></div><div class="battle-history"><small>It's not very effective...</small><br></div><div class="battle-history"><small>(The opposing Skarmory lost <abbr title="−50/333">15.0%</abbr> of its health!)</small><br></div><div class="spacer battle-history"><br></div><div class="battle-history"><small>The opposing Skarmory restored a little HP using its Leftovers!</small><br></div><div class="battle-history"><small>cargo jet restored a little HP using its Leftovers!</small><br></div><div class="spacer battle-history"><br></div><h2 class="battle-history">Turn 142</h2><div class="spacer battle-history"><br></div><div class="battle-history">cargo jet, come back!<br></div><div class="battle-history">Go! rumble (<strong>Raikou</strong>)!<br></div><div class="battle-history"><small>rumble was poisoned!</small><br></div><div class="battle-history"><small>rumble was hurt by the spikes!</small><br></div><div class="battle-history"><small>rumble was hurt by poison!</small><br></div><div class="spacer battle-history"><br></div><div class="battle-history">The opposing Skarmory used <strong>Drill Peck</strong>!<br></div><div class="battle-history"><small>It's not very effective...</small><br></div><div class="battle-history"><small>(rumble lost <abbr title="−52/367">14.2%</abbr> of its health!)</small><br></div><div class="spacer battle-history"><br></div><div class="battle-history"><small>rumble restored a little HP using its Leftovers!</small><br></div><div class="battle-history"><small>The opposing Skarmory restored a little HP using its Leftovers!</small><br></div><div class="spacer battle-history"><br></div><h2 class="battle-history">Turn 143</h2><div class="spacer battle-history"><br></div><div class="battle-history">rumble used <strong>Rest</strong>!<br></div><div class="battle-history"><small>rumble fell asleep!</small><br></div><div class="battle-history"><small>rumble slept and became healthy!</small><br></div><div class="spacer battle-history"><br></div><div class="battle-history">The opposing Skarmory used <strong>Curse</strong>!<br></div><div class="battle-history"><small>The opposing Skarmory's Speed fell!</small><br></div><div class="battle-history"><small>The opposing Skarmory's Attack rose!</small><br></div><div class="battle-history"><small>The opposing Skarmory's Defense rose!</small><br></div><div class="spacer battle-history"><br></div><div class="battle-history"><small>The opposing Skarmory restored a little HP using its Leftovers!</small><br></div><div class="spacer battle-history"><br></div><h2 class="battle-history">Turn 144</h2><div class="spacer battle-history"><br></div><div class="battle-history">rumble is fast asleep.<br></div><div class="spacer battle-history"><br></div><div class="battle-history">rumble used <strong>Sleep Talk</strong>!<br></div><div class="spacer battle-history"><br></div><div class="battle-history">rumble used <strong>Thunder</strong>!<br></div><div class="battle-history"><small>It's super effective!</small><br></div><div class="battle-history"><small>(The opposing Skarmory lost <abbr title="−313/333">94.0%</abbr> of its health!)</small><br></div><div class="spacer battle-history"><br></div><div class="battle-history">The opposing Skarmory fainted!<br></div><div class="spacer battle-history"><br></div><div class="battle-history">Mr.378 sent out <strong>Umbreon</strong>!<br></div><div class="spacer battle-history"><br></div><div class="battle-history"><small>The opposing Umbreon restored a little HP using its Leftovers!</small><br></div><div class="spacer battle-history"><br></div><h2 class="battle-history">Turn 145</h2><div class="spacer battle-history"><br></div><div class="battle-history">rumble is fast asleep.<br></div><div class="spacer battle-history"><br></div><div class="battle-history">rumble used <strong>Sleep Talk</strong>!<br></div><div class="spacer battle-history"><br></div><div class="battle-history">rumble used <strong>Rest</strong>!<br></div><div class="battle-history"><small>But it failed!</small><br></div><div class="spacer battle-history"><br></div><div class="battle-history">The opposing Umbreon is frozen solid!<br></div><div class="spacer battle-history"><br></div><div class="battle-history"><small>The opposing Umbreon restored a little HP using its Leftovers!</small><br></div><div class="spacer battle-history"><br></div><h2 class="battle-history">Turn 146</h2><div class="spacer battle-history"><br></div><div class="battle-history"><small>rumble woke up!</small><br></div><div class="spacer battle-history"><br></div><div class="battle-history">rumble used <strong>Hidden Power</strong>!<br></div><div class="battle-history"><small>(The opposing Umbreon lost <abbr title="−53/393">13.5%</abbr> of its health!)</small><br></div><div class="spacer battle-history"><br></div><div class="battle-history">The opposing Umbreon is frozen solid!<br></div><div class="spacer battle-history"><br></div><div class="battle-history"><small>The opposing Umbreon restored a little HP using its Leftovers!</small><br></div><div class="spacer battle-history"><br></div><h2 class="battle-history">Turn 147</h2><div class="spacer battle-history"><br></div><div class="battle-history">rumble used <strong>Hidden Power</strong>!<br></div><div class="battle-history"><small>(The opposing Umbreon lost <abbr title="−52/393">13.2%</abbr> of its health!)</small><br></div><div class="spacer battle-history"><br></div><div class="battle-history">The opposing Umbreon is frozen solid!<br></div><div class="spacer battle-history"><br></div><div class="battle-history"><small>The opposing Umbreon restored a little HP using its Leftovers!</small><br></div><div class="spacer battle-history"><br></div><h2 class="battle-history">Turn 148</h2><div class="spacer battle-history"><br></div><div class="battle-history">rumble used <strong>Hidden Power</strong>!<br></div><div class="battle-history"><small>(The opposing Umbreon lost <abbr title="−54/393">13.7%</abbr> of its health!)</small><br></div><div class="spacer battle-history"><br></div><div class="battle-history">The opposing Umbreon is frozen solid!<br></div><div class="spacer battle-history"><br></div><div class="battle-history"><small>The opposing Umbreon restored a little HP using its Leftovers!</small><br></div><div class="spacer battle-history"><br></div><h2 class="battle-history">Turn 149</h2><div class="spacer battle-history"><br></div><div class="battle-history">rumble used <strong>Hidden Power</strong>!<br></div><div class="battle-history"><small>(The opposing Umbreon lost <abbr title="−53/393">13.5%</abbr> of its health!)</small><br></div><div class="spacer battle-history"><br></div><div class="battle-history">The opposing Umbreon is frozen solid!<br></div><div class="spacer battle-history"><br></div><div class="battle-history"><small>The opposing Umbreon restored a little HP using its Leftovers!</small><br></div><div class="spacer battle-history"><br></div><h2 class="battle-history">Turn 150</h2><div class="spacer battle-history"><br></div><div class="battle-history">rumble used <strong>Hidden Power</strong>!<br></div><div class="battle-history"><small>(The opposing Umbreon lost <abbr title="−55/393">14.0%</abbr> of its health!)</small><br></div><div class="spacer battle-history"><br></div><div class="battle-history">The opposing Umbreon is frozen solid!<br></div><div class="spacer battle-history"><br></div><div class="battle-history"><small>The opposing Umbreon restored a little HP using its Leftovers!</small><br></div><div class="spacer battle-history"><br></div><h2 class="battle-history">Turn 151</h2><div class="spacer battle-history"><br></div><div class="battle-history">rumble used <strong>Hidden Power</strong>!<br></div><div class="battle-history"><small>(The opposing Umbreon lost <abbr title="−28/393">7.1%</abbr> of its health!)</small><br></div><div class="spacer battle-history"><br></div><div class="battle-history">The opposing Umbreon fainted!<br></div><div class="spacer battle-history"><br></div><div class="battle-history">Mr.378 sent out <strong>Forretress</strong>!<br></div><div class="spacer battle-history"><br></div><div class="battle-history"><small>The opposing Forretress restored a little HP using its Leftovers!</small><br></div><div class="spacer battle-history"><br></div><h2 class="battle-history">Turn 152</h2><div class="spacer battle-history"><br></div><div class="battle-history">rumble used <strong>Hidden Power</strong>!<br></div><div class="battle-history"><small>(The opposing Forretress lost <abbr title="−76/329">23.1%</abbr> of its health!)</small><br></div><div class="spacer battle-history"><br></div><div class="battle-history">The opposing Forretress fainted!<br></div><div class="spacer battle-history"><br></div><div class="battle-history"><strong>Roro</strong> won the battle!<br></div><div class="chat chatmessage-roro"><strong style="color:#5c6ce3"><small>☆</small><span class="username" data-name="Roro">Roro</span>:</strong> <em>gg, got lucky</em></div><div class="chat chatmessage-soulgazer"><strong style="color:#8a8a38"><small>+</small><span class="username" data-name="soulgazer">soulgazer</span>:</strong> <em>as</em></div><div class="chat chatmessage-pearl"><strong style="color:#1da744"><small>%</small><span class="username" data-name="Pearl">Pearl</span>:</strong> <em>in</em></div><div class="chat chatmessage-pearl"><strong style="color:#1da744"><small>%</small><span class="username" data-name="Pearl">Pearl</span>:</strong> <em>wait</em></div><div class="chat chatmessage-pearl"><strong style="color:#1da744"><small>%</small><span class="username" data-name="Pearl">Pearl</span>:</strong> <em>modchat was off all along</em></div><div class="chat chatmessage-soulgazer"><strong style="color:#8a8a38"><small>+</small><span class="username" data-name="soulgazer">soulgazer</span>:</strong> <em>kek</em></div><div class="chat chatmessage-pearl"><strong style="color:#1da744"><small>%</small><span class="username" data-name="Pearl">Pearl</span>:</strong> <em>hngg</em></div><div class="chat chatmessage-leru"><strong style="color:#35a497"><small>+</small><span class="username" data-name="leru">leru</span>:</strong> <em>lol</em></div><div class="chat chatmessage-wilddrud"><strong style="color:#2b5bed"><small>+</small><span class="username" data-name="wild drud">wild drud</span>:</strong> <em>nice</em></div><div class="chat chatmessage-camilas"><strong style="color:#17b4ac"><small>+</small><span class="username" data-name="camilas">camilas</span>:</strong> <em>wew</em></div><div class="chat chatmessage-camilas"><strong style="color:#17b4ac"><small>+</small><span class="username" data-name="camilas">camilas</span>:</strong> <em>fuk leru</em></div><div class="chat chatmessage-aurora"><strong style="color:#d51045"><small>+</small><span class="username" data-name="Aurora">Aurora</span>:</strong> <em>i</em></div><div class="chat chatmessage-leru"><strong style="color:#35a497"><small>+</small><span class="username" data-name="leru">leru</span>:</strong> <em>die fag</em></div><div class="chat chatmessage-ljdarkrai"><strong style="color:#3587b6"><small>+</small><span class="username" data-name="LJDarkrai ☯">LJDarkrai ☯</span>:</strong> <em>stfu yall</em></div><div class="chat chatmessage-sas0"><strong style="color:#447c34"><small>+</small><span class="username" data-name="Sas0 ♔">Sas0 ♔</span>:</strong> <em>h</em></div><div class="chat chatmessage-nelson"><strong style="color:#32779a"><small>+</small><span class="username" data-name="Nelson">Nelson</span>:</strong> <em>gg</em></div></div><div class="inner-preempt"></div></div></div>
</div>
<script>
let daily = Math.floor(Date.now()/1000/60/60/24);document.write('<script src="https://play.pokemonshowdown.com/js/replay-embed.js?version'+daily+'"></'+'script>');
</script>
