<!DOCTYPE html>
<meta charset="utf-8" />
<!-- version 1 -->
<title>[Gen 2] OU replay: d0nut vs. Mr.378</title>
<style>
html,body {font-family:Verdana, sans-serif;font-size:10pt;margin:0;padding:0;}body{padding:12px 0;} .battle-log {font-family:Verdana, sans-serif;font-size:10pt;} .battle-log-inline {border:1px solid #AAAAAA;background:#EEF2F5;color:black;max-width:640px;margin:0 auto 80px;padding-bottom:5px;} .battle-log .inner {padding:4px 8px 0px 8px;} .battle-log .inner-preempt {padding:0 8px 4px 8px;} .battle-log .inner-after {margin-top:0.5em;} .battle-log h2 {margin:0.5em -8px;padding:4px 8px;border:1px solid #AAAAAA;background:#E0E7EA;border-left:0;border-right:0;font-family:Verdana, sans-serif;font-size:13pt;} .battle-log .chat {vertical-align:middle;padding:3px 0 3px 0;font-size:8pt;} .battle-log .chat strong {color:#40576A;} .battle-log .chat em {padding:1px 4px 1px 3px;color:#000000;font-style:normal;} .chat.mine {background:rgba(0,0,0,0.05);margin-left:-8px;margin-right:-8px;padding-left:8px;padding-right:8px;} .spoiler {color:#BBBBBB;background:#BBBBBB;padding:0px 3px;} .spoiler:hover, .spoiler:active, .spoiler-shown {color:#000000;background:#E2E2E2;padding:0px 3px;} .spoiler a {color:#BBBBBB;} .spoiler:hover a, .spoiler:active a, .spoiler-shown a {color:#2288CC;} .chat code, .chat .spoiler:hover code, .chat .spoiler:active code, .chat .spoiler-shown code {border:1px solid #C0C0C0;background:#EEEEEE;color:black;padding:0 2px;} .chat .spoiler code {border:1px solid #CCCCCC;background:#CCCCCC;color:#CCCCCC;} .battle-log .rated {padding:3px 4px;} .battle-log .rated strong {color:white;background:#89A;padding:1px 4px;border-radius:4px;} .spacer {margin-top:0.5em;} .message-announce {background:#6688AA;color:white;padding:1px 4px 2px;} .message-announce a, .broadcast-green a, .broadcast-blue a, .broadcast-red a {color:#DDEEFF;} .broadcast-green {background-color:#559955;color:white;padding:2px 4px;} .broadcast-blue {background-color:#6688AA;color:white;padding:2px 4px;} .infobox {border:1px solid #6688AA;padding:2px 4px;} .infobox-limited {max-height:200px;overflow:auto;overflow-x:hidden;} .broadcast-red {background-color:#AA5544;color:white;padding:2px 4px;} .message-learn-canlearn {font-weight:bold;color:#228822;text-decoration:underline;} .message-learn-cannotlearn {font-weight:bold;color:#CC2222;text-decoration:underline;} .message-effect-weak {font-weight:bold;color:#CC2222;} .message-effect-resist {font-weight:bold;color:#6688AA;} .message-effect-immune {font-weight:bold;color:#666666;} .message-learn-list {margin-top:0;margin-bottom:0;} .message-throttle-notice, .message-error {color:#992222;} .message-overflow, .chat small.message-overflow {font-size:0pt;} .message-overflow::before {font-size:9pt;content:'...';} .subtle {color:#3A4A66;}
</style>
<div class="wrapper replay-wrapper" style="max-width:1180px;margin:0 auto">
<input type="hidden" name="replayid" value="smogtours-gen2ou-251043" />
<div class="battle"></div><div class="battle-log"></div><div class="replay-controls"></div><div class="replay-controls-2"></div>
<h1 style="font-weight:normal;text-align:center"><strong>[Gen 2] OU</strong><br /><a href="http://pokemonshowdown.com/users/d0nut" class="subtle" target="_blank">d0nut</a> vs. <a href="http://pokemonshowdown.com/users/mr378" class="subtle" target="_blank">Mr.378</a></h1>
<script type="text/plain" class="battle-log-data">|inactive|Battle timer is ON: inactive players will automatically lose when time's up.
|J|d0nut
|J|Mr.378
|player|p1|d0nut|101
|player|p2|Mr.378|238
|gametype|singles
|gen|2
|tier|[Gen 2] OU
|seed|49392,37275,62913,45645
|rule|Sleep Clause Mod: Limit one foe put to sleep
|rule|Species Clause: Limit one of each Pokémon
|rule|OHKO Clause: OHKO moves are banned
|rule|Evasion Moves Clause: Evasion moves are banned
|rule|HP Percentage Mod: HP is shown in percentages
|
|start
|switch|p1a: Nidoking|Nidoking, M|365\/365
|switch|p2a: Zapdos|Zapdos|383\/383
|turn|1
|J|Finchinator
|J|Vinc2612
|J|miltankmilk
|J|controversial dog
|J|obii╚╗
|J|Ojama
|J|trapstars
|c|+Finchinator|GOOOOOOOOOOOOOO
|J|welliou
|J|ZoroDark
|raw|<div class="broadcast-red"><b>Moderated chat was set to @!<\/b><br \/>Only users of rank @ and higher can talk.<\/div>
|J|luckstard
|c|★Mr.378|hf
|J|Odell Beckham III
|J|Esteemed User ツ
|J|Natalie
|J|Hector Hard Mode
|J|Costi93
|J|bro fist
|J|choolio iglesias
|J|McMeghan
|J|cツoツcツoツnツuツt
|J|Syl♥ie Lyyneheym
|J|Fireburn
|J|mael ♥
|J|We Three Kings
|J|kratosmana
|choice|switch 2|move hiddenpower
|
|switch|p1a: Snorlax|Snorlax, M|523\/523
|move|p2a: Zapdos|Hidden Power|p1a: Snorlax
|-damage|p1a: Snorlax|463\/523
|
|-heal|p1a: Snorlax|495\/523|[from] item: Leftovers
|upkeep
|turn|2
|J|meaツツツツtdealer
|J|leru
|J|Peasounay
|J|Ciele
|choice|move doubleedge|move thunder
|
|move|p2a: Zapdos|Thunder|p1a: Snorlax
|-damage|p1a: Snorlax|350\/523
|-status|p1a: Snorlax|par
|move|p1a: Snorlax|Double-Edge|p2a: Zapdos
|-damage|p2a: Zapdos|206\/383
|-damage|p1a: Snorlax|306\/523 par|[from] recoil|[of] p2a: Zapdos
|
|-heal|p2a: Zapdos|229\/383|[from] item: Leftovers
|-heal|p1a: Snorlax|338\/523 par|[from] item: Leftovers
|upkeep
|turn|3
|J|Astamatitos
|J|atomicllamas ☾
|J|ReshiRampage
|J|R!cardo
|J|dEnIs$S$s$S$
|choice|switch 2|switch 3
|
|switch|p2a: Cloyster|Cloyster, M|303\/303
|switch|p1a: Nidoking|Nidoking, M|365\/365
|
|upkeep
|turn|4
|J|Alexander
|J|THE lLLEST VILLAIN
|choice|move lovelykiss|move spikes
|
|move|p1a: Nidoking|Lovely Kiss|p2a: Cloyster
|-status|p2: Cloyster|slp
|cant|p2: Cloyster|slp
|
|upkeep
|turn|5
|J|papai noel
|J|BLINGAS
|J|clueless
|J|NJNP➏神
|J|p2
|J|Osgoode
|J|The Idiot Ninja
|J|starmaster
|J|ULT chokelord
|choice|move thunder|switch 2
|
|switch|p2a: Snorlax|Snorlax, M|523\/523
|move|p1a: Nidoking|Thunder|p2a: Snorlax
|-damage|p2a: Snorlax|444\/523
|-status|p2a: Snorlax|par
|
|-heal|p2a: Snorlax|476\/523 par|[from] item: Leftovers
|upkeep
|turn|6
|J|blunderr
|J|SOULWIND❄
|J|hyogafodex
|choice|switch 4|move curse
|
|switch|p1a: Cloyster|Cloyster, M|303\/303
|cant|p2: Snorlax|par
|
|-heal|p2a: Snorlax|508\/523 par|[from] item: Leftovers
|upkeep
|turn|7
|choice|move spikes|switch 3
|
|switch|p2a: Zapdos|Zapdos|229\/383
|move|p1a: Cloyster|Spikes|p2a: Zapdos
|-sidestart|p2: Mr.378|Spikes
|
|-heal|p2a: Zapdos|252\/383|[from] item: Leftovers
|upkeep
|turn|8
|J|boudouche
|J|Lacus Clyne
|choice|switch 2|move thunder
|
|switch|p1a: Snorlax|Snorlax, M|338\/523 par
|move|p2a: Zapdos|Thunder|p1a: Snorlax|[miss]
|-miss|p2a: Zapdos|p1a: Snorlax
|
|-heal|p2a: Zapdos|275\/383|[from] item: Leftovers
|-heal|p1a: Snorlax|370\/523 par|[from] item: Leftovers
|upkeep
|turn|9
|J|Freeroamer
|choice|move rest|move thunder
|
|move|p2a: Zapdos|Thunder|p1a: Snorlax|[miss]
|-miss|p2a: Zapdos|p1a: Snorlax
|move|p1a: Snorlax|Rest|p1a: Snorlax
|-status|p1: Snorlax|slp
|-heal|p1a: Snorlax|523\/523 slp|[silent]
|-status|p1a: Snorlax|slp|[from] move: Rest
|
|-heal|p2a: Zapdos|298\/383|[from] item: Leftovers
|upkeep
|turn|10
|choice|move doubleedge|switch 2
|
|switch|p2a: Cloyster|Cloyster, M|303\/303 slp
|-damage|p2a: Cloyster|266\/303 slp|[from] Spikes
|cant|p1: Snorlax|slp
|
|-heal|p2a: Cloyster|284\/303 slp|[from] item: Leftovers
|upkeep
|turn|11
|choice|switch 3|move spikes
|
|switch|p1a: Zapdos|Zapdos|383\/383
|cant|p2: Cloyster|slp
|
|-heal|p2a: Cloyster|302\/303 slp|[from] item: Leftovers
|upkeep
|turn|12
|J|reyscarface
|J|Vileman
|J|teal6
|choice|move thunder|switch 3
|
|switch|p2a: Snorlax|Snorlax, M|508\/523 par
|-damage|p2a: Snorlax|443\/523 par|[from] Spikes
|move|p1a: Zapdos|Thunder|p2a: Snorlax|[miss]
|-miss|p1a: Zapdos|p2a: Snorlax
|
|-heal|p2a: Snorlax|475\/523 par|[from] item: Leftovers
|upkeep
|turn|13
|J|ErisGreyratt(︡!)
|J|THE PDC SHOW
|choice|move thunder|move curse
|
|move|p1a: Zapdos|Thunder|p2a: Snorlax|[miss]
|-miss|p1a: Zapdos|p2a: Snorlax
|cant|p2: Snorlax|par
|
|-heal|p2a: Snorlax|507\/523 par|[from] item: Leftovers
|upkeep
|turn|14
|choice|move thunder|move curse
|
|move|p1a: Zapdos|Thunder|p2a: Snorlax
|-damage|p2a: Snorlax|358\/523 par
|cant|p2: Snorlax|par
|
|-heal|p2a: Snorlax|390\/523 par|[from] item: Leftovers
|upkeep
|turn|15
|J|marcop9923
|choice|move thunder|move curse
|
|move|p1a: Zapdos|Thunder|p2a: Snorlax|[miss]
|-miss|p1a: Zapdos|p2a: Snorlax
|move|p2a: Snorlax|Curse|p2a: Snorlax
|-unboost|p2a: Snorlax|spe|1
|-boost|p2a: Snorlax|atk|1
|-boost|p2a: Snorlax|def|1
|
|-heal|p2a: Snorlax|422\/523 par|[from] item: Leftovers
|upkeep
|turn|16
|choice|move thunder|move doubleedge
|
|move|p1a: Zapdos|Thunder|p2a: Snorlax
|-damage|p2a: Snorlax|267\/523 par
|move|p2a: Snorlax|Double-Edge|p1a: Zapdos
|-damage|p1a: Zapdos|109\/383
|-damage|p2a: Snorlax|199\/523 par|[from] recoil|[of] p1a: Zapdos
|
|-heal|p1a: Zapdos|132\/383|[from] item: Leftovers
|-heal|p2a: Snorlax|231\/523 par|[from] item: Leftovers
|upkeep
|turn|17
|choice|switch 6|move rest
|
|switch|p1a: Skarmory|Skarmory, M|333\/333
|move|p2a: Snorlax|Rest|p2a: Snorlax
|-status|p2: Snorlax|slp
|-heal|p2a: Snorlax|523\/523 slp|[silent]
|-status|p2a: Snorlax|slp|[from] move: Rest
|
|upkeep
|turn|18
|choice|move thief|move doubleedge
|
|move|p1a: Skarmory|Thief|p2a: Snorlax
|-damage|p2a: Snorlax|505\/523 slp
|-item|p1a: Skarmory|Leftovers|[from] move: Thief|[of] p2a: Snorlax
|cant|p2: Snorlax|slp
|
|upkeep
|turn|19
|choice|move whirlwind|move doubleedge
|
|cant|p2: Snorlax|slp
|move|p1a: Skarmory|Whirlwind|p2a: Snorlax
|drag|p2a: Tyranitar|Tyranitar, M|403\/403
|-damage|p2a: Tyranitar|353\/403|[from] Spikes
|
|-heal|p2a: Tyranitar|378\/403|[from] item: Leftovers
|upkeep
|turn|20
|J|Rare Poison
|choice|switch 4|move rockslide
|
|switch|p1a: Nidoking|Nidoking, M|365\/365
|move|p2a: Tyranitar|Rock Slide|p1a: Nidoking
|-resisted|p1a: Nidoking
|-damage|p1a: Nidoking|305\/365
|
|-heal|p1a: Nidoking|327\/365|[from] item: Leftovers
|-heal|p2a: Tyranitar|403\/403|[from] item: Leftovers
|upkeep
|turn|21
|J|qsns
|J|Yoshizilla315
|choice|move earthquake|move earthquake
|
|move|p1a: Nidoking|Earthquake|p2a: Tyranitar
|-supereffective|p2a: Tyranitar
|-damage|p2a: Tyranitar|195\/403
|move|p2a: Tyranitar|Earthquake|p1a: Nidoking
|-supereffective|p1a: Nidoking
|-damage|p1a: Nidoking|111\/365
|
|-heal|p1a: Nidoking|133\/365|[from] item: Leftovers
|-heal|p2a: Tyranitar|220\/403|[from] item: Leftovers
|upkeep
|turn|22
|choice|switch 2|move earthquake
|
|switch|p1a: Cloyster|Cloyster, M|303\/303
|move|p2a: Tyranitar|Earthquake|p1a: Cloyster
|-damage|p1a: Cloyster|240\/303
|
|-heal|p1a: Cloyster|258\/303|[from] item: Leftovers
|-heal|p2a: Tyranitar|245\/403|[from] item: Leftovers
|upkeep
|turn|23
|J|GOAO
|J|Crystal_ rby
|J|Corazan
|J|Bughouse
|choice|move toxic|switch 4
|
|switch|p2a: Exeggutor|Exeggutor, M|393\/393
|-damage|p2a: Exeggutor|344\/393|[from] Spikes
|move|p1a: Cloyster|Toxic|p2a: Exeggutor
|-status|p2a: Exeggutor|tox
|
|-heal|p1a: Cloyster|276\/303|[from] item: Leftovers
|-heal|p2a: Exeggutor|368\/393 tox|[from] item: Leftovers
|upkeep
|turn|24
|J|camilas
|choice|switch 5|move gigadrain
|
|switch|p1a: Tyranitar|Tyranitar, M|403\/403
|move|p2a: Exeggutor|Giga Drain|p1a: Tyranitar
|-supereffective|p1a: Tyranitar
|-damage|p1a: Tyranitar|223\/403
|-heal|p2a: Exeggutor|393\/393 tox|[from] drain|[of] p1a: Tyranitar
|-damage|p2a: Exeggutor|369\/393 tox|[from] tox|[of] p1a: Tyranitar
|
|-heal|p1a: Tyranitar|248\/403|[from] item: Leftovers
|-heal|p2a: Exeggutor|393\/393 tox|[from] item: Leftovers
|upkeep
|turn|25
|J|Tobes
|J|Jayde
|choice|move crunch|move gigadrain
|
|move|p1a: Tyranitar|Crunch|p2a: Exeggutor
|-supereffective|p2a: Exeggutor
|-damage|p2a: Exeggutor|161\/393 tox
|move|p2a: Exeggutor|Giga Drain|p1a: Tyranitar
|-supereffective|p1a: Tyranitar
|-damage|p1a: Tyranitar|90\/403
|-heal|p2a: Exeggutor|240\/393 tox|[from] drain|[of] p1a: Tyranitar
|-damage|p2a: Exeggutor|192\/393 tox|[from] tox|[of] p1a: Tyranitar
|
|-heal|p1a: Tyranitar|115\/403|[from] item: Leftovers
|-heal|p2a: Exeggutor|216\/393 tox|[from] item: Leftovers
|upkeep
|turn|26
|J|sparkling dreams
|choice|move crunch|move gigadrain
|
|move|p1a: Tyranitar|Crunch|p2a: Exeggutor
|-supereffective|p2a: Exeggutor
|-damage|p2a: Exeggutor|0 fnt
|faint|p2a: Exeggutor
|J|dainty loli
|choice||switch 5
|
|switch|p2a: Nidoking|Nidoking, M|365\/365
|-damage|p2a: Nidoking|320\/365|[from] Spikes
|
|-heal|p2a: Nidoking|342\/365|[from] item: Leftovers
|-heal|p1a: Tyranitar|140\/403|[from] item: Leftovers
|upkeep
|turn|27
|J|bynum♥
|J|tko
|L|bynum♥
|J|Frexa ⚾
|choice|switch 3|move earthquake
|
|switch|p1a: Snorlax|Snorlax, M|523\/523 slp
|move|p2a: Nidoking|Earthquake|p1a: Snorlax
|-damage|p1a: Snorlax|384\/523 slp
|
|-heal|p2a: Nidoking|364\/365|[from] item: Leftovers
|-heal|p1a: Snorlax|416\/523 slp|[from] item: Leftovers
|upkeep
|turn|28
|L|meaツツツツtdealer
|J|ABR
|choice|move curse|switch 3
|
|switch|p2a: Cloyster|Cloyster, M|302\/303 slp
|-damage|p2a: Cloyster|265\/303 slp|[from] Spikes
|cant|p1: Snorlax|slp
|
|-heal|p2a: Cloyster|283\/303 slp|[from] item: Leftovers
|-heal|p1a: Snorlax|448\/523 slp|[from] item: Leftovers
|upkeep
|turn|29
|choice|switch 6|move spikes
|
|switch|p1a: Zapdos|Zapdos|132\/383
|-curestatus|p2a: Cloyster|slp|[msg]
|move|p2a: Cloyster|Spikes|p1a: Zapdos
|-sidestart|p1: d0nut|Spikes
|
|-heal|p1a: Zapdos|155\/383|[from] item: Leftovers
|-heal|p2a: Cloyster|301\/303|[from] item: Leftovers
|upkeep
|turn|30
|J|SamVGC ✿
|L|SamVGC ✿
|choice|move thunder|switch 6
|
|switch|p2a: Snorlax|Snorlax, M|505\/523 slp
|-damage|p2a: Snorlax|440\/523 slp|[from] Spikes
|move|p1a: Zapdos|Thunder|p2a: Snorlax
|-damage|p2a: Snorlax|273\/523 slp
|
|-heal|p1a: Zapdos|178\/383|[from] item: Leftovers
|upkeep
|turn|31
|J|SamVGC ✿
|J|tamahome
|choice|move rest|switch 3
|
|switch|p2a: Nidoking|Nidoking, M|364\/365
|-damage|p2a: Nidoking|319\/365|[from] Spikes
|move|p1a: Zapdos|Rest|p1a: Zapdos
|-status|p1: Zapdos|slp
|-heal|p1a: Zapdos|383\/383 slp|[silent]
|-status|p1a: Zapdos|slp|[from] move: Rest
|
|-heal|p2a: Nidoking|341\/365|[from] item: Leftovers
|upkeep
|turn|32
|J|Eo
|choice|move sleeptalk|move icebeam
|
|cant|p1: Zapdos|slp
|move|p1a: Zapdos|Sleep Talk|p1a: Zapdos
|move|p1a: Zapdos|Thunder|p2a: Nidoking|[from]Sleep Talk
|-immune|p2a: Nidoking|[msg]
|move|p2a: Nidoking|Ice Beam|p1a: Zapdos
|-supereffective|p1a: Zapdos
|-damage|p1a: Zapdos|229\/383 slp
|
|-heal|p1a: Zapdos|252\/383 slp|[from] item: Leftovers
|-heal|p2a: Nidoking|363\/365|[from] item: Leftovers
|upkeep
|turn|33
|J|bingbongo
|choice|move sleeptalk|move icebeam
|
|cant|p1: Zapdos|slp
|move|p1a: Zapdos|Sleep Talk|p1a: Zapdos
|move|p1a: Zapdos|Hidden Power|p2a: Nidoking|[from]Sleep Talk
|-supereffective|p2a: Nidoking
|-damage|p2a: Nidoking|215\/365
|move|p2a: Nidoking|Ice Beam|p1a: Zapdos
|-supereffective|p1a: Zapdos
|-damage|p1a: Zapdos|112\/383 slp
|
|-heal|p1a: Zapdos|135\/383 slp|[from] item: Leftovers
|-heal|p2a: Nidoking|237\/365|[from] item: Leftovers
|upkeep
|turn|34
|choice|move rest|move icebeam
|
|-curestatus|p1a: Zapdos|slp|[msg]
|move|p1a: Zapdos|Rest|p1a: Zapdos
|-status|p1: Zapdos|slp
|-heal|p1a: Zapdos|383\/383 slp|[silent]
|-status|p1a: Zapdos|slp|[from] move: Rest
|move|p2a: Nidoking|Ice Beam|p1a: Zapdos
|-supereffective|p1a: Zapdos
|-damage|p1a: Zapdos|245\/383 slp
|
|-heal|p1a: Zapdos|268\/383 slp|[from] item: Leftovers
|-heal|p2a: Nidoking|259\/365|[from] item: Leftovers
|upkeep
|turn|35
|choice|move sleeptalk|move icebeam
|
|cant|p1: Zapdos|slp
|move|p1a: Zapdos|Sleep Talk|p1a: Zapdos
|move|p1a: Zapdos|Thunder|p2a: Nidoking|[from]Sleep Talk
|-immune|p2a: Nidoking|[msg]
|move|p2a: Nidoking|Ice Beam|p1a: Zapdos
|-supereffective|p1a: Zapdos
|-damage|p1a: Zapdos|116\/383 slp
|
|-heal|p1a: Zapdos|139\/383 slp|[from] item: Leftovers
|-heal|p2a: Nidoking|281\/365|[from] item: Leftovers
|upkeep
|turn|36
|choice|switch 6|move icebeam
|
|switch|p1a: Snorlax|Snorlax, M|448\/523 slp
|-damage|p1a: Snorlax|383\/523 slp|[from] Spikes
|move|p2a: Nidoking|Ice Beam|p1a: Snorlax
|-crit|p1a: Snorlax
|-damage|p1a: Snorlax|266\/523 slp
|
|-heal|p2a: Nidoking|303\/365|[from] item: Leftovers
|-heal|p1a: Snorlax|298\/523 slp|[from] item: Leftovers
|upkeep
|turn|37
|J|Duck Chris
|choice|move rest|move earthquake
|
|move|p2a: Nidoking|Earthquake|p1a: Snorlax
|-damage|p1a: Snorlax|150\/523 slp
|-curestatus|p1a: Snorlax|slp|[msg]
|move|p1a: Snorlax|Rest|p1a: Snorlax
|-status|p1: Snorlax|slp
|-heal|p1a: Snorlax|523\/523 slp|[silent]
|-status|p1a: Snorlax|slp|[from] move: Rest
|
|-heal|p2a: Nidoking|325\/365|[from] item: Leftovers
|upkeep
|turn|38
|choice|move doubleedge|move earthquake
|
|move|p2a: Nidoking|Earthquake|p1a: Snorlax
|-damage|p1a: Snorlax|370\/523 slp
|cant|p1: Snorlax|slp
|
|-heal|p2a: Nidoking|347\/365|[from] item: Leftovers
|-heal|p1a: Snorlax|402\/523 slp|[from] item: Leftovers
|upkeep
|turn|39
|choice|move doubleedge|move earthquake
|
|move|p2a: Nidoking|Earthquake|p1a: Snorlax
|-crit|p1a: Snorlax
|-damage|p1a: Snorlax|112\/523 slp
|cant|p1: Snorlax|slp
|
|-heal|p2a: Nidoking|365\/365|[from] item: Leftovers
|-heal|p1a: Snorlax|144\/523 slp|[from] item: Leftovers
|upkeep
|turn|40
|J|Heysup
|J|klefkiholder
|J|sam-testings
|choice|switch 6|move earthquake
|
|switch|p1a: Zapdos|Zapdos|139\/383 slp
|move|p2a: Nidoking|Earthquake|p1a: Zapdos
|-immune|p1a: Zapdos|[msg]
|
|-heal|p1a: Zapdos|162\/383 slp|[from] item: Leftovers
|upkeep
|turn|41
|choice|move hiddenpower|move icebeam
|
|cant|p1: Zapdos|slp
|move|p2a: Nidoking|Ice Beam|p1a: Zapdos
|-supereffective|p1a: Zapdos
|-damage|p1a: Zapdos|6\/383 slp
|
|-heal|p1a: Zapdos|29\/383 slp|[from] item: Leftovers
|upkeep
|turn|42
|J|syncrasy
|choice|move rest|move icebeam
|
|-curestatus|p1a: Zapdos|slp|[msg]
|move|p1a: Zapdos|Rest|p1a: Zapdos
|-status|p1: Zapdos|slp
|-heal|p1a: Zapdos|383\/383 slp|[silent]
|-status|p1a: Zapdos|slp|[from] move: Rest
|move|p2a: Nidoking|Ice Beam|p1a: Zapdos
|-supereffective|p1a: Zapdos
|-damage|p1a: Zapdos|225\/383 slp
|
|-heal|p1a: Zapdos|248\/383 slp|[from] item: Leftovers
|upkeep
|turn|43
|choice|move sleeptalk|move icebeam
|
|cant|p1: Zapdos|slp
|move|p1a: Zapdos|Sleep Talk|p1a: Zapdos
|move|p1a: Zapdos|Thunder|p2a: Nidoking|[from]Sleep Talk
|-immune|p2a: Nidoking|[msg]
|move|p2a: Nidoking|Ice Beam|p1a: Zapdos
|-supereffective|p1a: Zapdos
|-damage|p1a: Zapdos|93\/383 slp
|
|-heal|p1a: Zapdos|116\/383 slp|[from] item: Leftovers
|upkeep
|turn|44
|choice|move sleeptalk|move icebeam
|
|cant|p1: Zapdos|slp
|move|p1a: Zapdos|Sleep Talk|p1a: Zapdos
|move|p1a: Zapdos|Rest|p1a: Zapdos|[from]Sleep Talk
|-heal|p1a: Zapdos|383\/383 slp|[silent]
|-status|p1a: Zapdos|slp|[from] move: Rest
|move|p2a: Nidoking|Ice Beam|p1a: Zapdos
|-supereffective|p1a: Zapdos
|-damage|p1a: Zapdos|229\/383 slp
|
|-heal|p1a: Zapdos|252\/383 slp|[from] item: Leftovers
|upkeep
|turn|45
|choice|move sleeptalk|move icebeam
|
|cant|p1: Zapdos|slp
|move|p1a: Zapdos|Sleep Talk|p1a: Zapdos
|move|p1a: Zapdos|Hidden Power|p2a: Nidoking|[from]Sleep Talk
|-supereffective|p2a: Nidoking
|-damage|p2a: Nidoking|213\/365
|move|p2a: Nidoking|Ice Beam|p1a: Zapdos
|-supereffective|p1a: Zapdos
|-damage|p1a: Zapdos|110\/383 slp
|
|-heal|p1a: Zapdos|133\/383 slp|[from] item: Leftovers
|-heal|p2a: Nidoking|235\/365|[from] item: Leftovers
|upkeep
|turn|46
|J|august
|J|Pleasure
|choice|move sleeptalk|move icebeam
|
|cant|p1: Zapdos|slp
|move|p1a: Zapdos|Sleep Talk|p1a: Zapdos
|move|p1a: Zapdos|Hidden Power|p2a: Nidoking|[from]Sleep Talk
|-supereffective|p2a: Nidoking
|-damage|p2a: Nidoking|86\/365
|move|p2a: Nidoking|Ice Beam|p1a: Zapdos
|-supereffective|p1a: Zapdos
|-damage|p1a: Zapdos|0 fnt
|faint|p1a: Zapdos
|J|Blinkboy
|choice|switch 2|
|
|switch|p1a: Nidoking|Nidoking, M|133\/365
|-damage|p1a: Nidoking|88\/365|[from] Spikes
|
|-heal|p1a: Nidoking|110\/365|[from] item: Leftovers
|-heal|p2a: Nidoking|108\/365|[from] item: Leftovers
|upkeep
|turn|47
|J|gorgie
|choice|move icebeam|switch 2
|
|switch|p2a: Zapdos|Zapdos|298\/383
|move|p1a: Nidoking|Ice Beam|p2a: Zapdos
|-supereffective|p2a: Zapdos
|-damage|p2a: Zapdos|147\/383
|
|-heal|p2a: Zapdos|170\/383|[from] item: Leftovers
|-heal|p1a: Nidoking|132\/365|[from] item: Leftovers
|upkeep
|turn|48
|J|Teen Age Riot
|choice|switch 5|move hiddenpower
|
|switch|p1a: Cloyster|Cloyster, M|276\/303
|-damage|p1a: Cloyster|239\/303|[from] Spikes
|move|p2a: Zapdos|Hidden Power|p1a: Cloyster
|-resisted|p1a: Cloyster
|-damage|p1a: Cloyster|215\/303
|
|-heal|p2a: Zapdos|193\/383|[from] item: Leftovers
|-heal|p1a: Cloyster|233\/303|[from] item: Leftovers
|upkeep
|turn|49
|choice|move explosion|move thunder
|
|move|p2a: Zapdos|Thunder|p1a: Cloyster
|-supereffective|p1a: Cloyster
|-damage|p1a: Cloyster|0 fnt
|faint|p1a: Cloyster
|choice|switch 3|
|
|switch|p1a: Tyranitar|Tyranitar, M|140\/403
|-damage|p1a: Tyranitar|90\/403|[from] Spikes
|
|-heal|p2a: Zapdos|216\/383|[from] item: Leftovers
|-heal|p1a: Tyranitar|115\/403|[from] item: Leftovers
|upkeep
|turn|50
|J|Hugendugen
|L|Heysup
|choice|move rockslide|switch 4
|
|switch|p2a: Tyranitar|Tyranitar, M|245\/403
|-damage|p2a: Tyranitar|195\/403|[from] Spikes
|move|p1a: Tyranitar|Rock Slide|p2a: Tyranitar
|-damage|p2a: Tyranitar|93\/403
|
|-heal|p2a: Tyranitar|118\/403|[from] item: Leftovers
|-heal|p1a: Tyranitar|140\/403|[from] item: Leftovers
|upkeep
|turn|51
|choice|switch 4|move earthquake
|
|switch|p1a: Skarmory|Skarmory, M|333\/333
|move|p2a: Tyranitar|Earthquake|p1a: Skarmory
|-immune|p1a: Skarmory|[msg]
|
|-heal|p2a: Tyranitar|143\/403|[from] item: Leftovers
|upkeep
|turn|52
|choice|move whirlwind|move fireblast
|
|move|p2a: Tyranitar|Fire Blast|p1a: Skarmory
|-supereffective|p1a: Skarmory
|-damage|p1a: Skarmory|118\/333
|-status|p1a: Skarmory|brn
|move|p1a: Skarmory|Whirlwind|p2a: Tyranitar
|drag|p2a: Nidoking|Nidoking, M|108\/365
|-damage|p1a: Skarmory|77\/333 brn|[from] brn|[of] p2: Tyranitar
|-damage|p2a: Nidoking|63\/365|[from] Spikes
|
|-heal|p2a: Nidoking|85\/365|[from] item: Leftovers
|-heal|p1a: Skarmory|97\/333 brn|[from] item: Leftovers
|upkeep
|turn|53
|J|jvl101993
|choice|move whirlwind|move thunder
|
|move|p2a: Nidoking|Thunder|p1a: Skarmory
|-supereffective|p1a: Skarmory
|-damage|p1a: Skarmory|0 fnt
|faint|p1a: Skarmory
|choice|switch 5|
|
|switch|p1a: Nidoking|Nidoking, M|132\/365
|-damage|p1a: Nidoking|87\/365|[from] Spikes
|
|-heal|p2a: Nidoking|107\/365|[from] item: Leftovers
|-heal|p1a: Nidoking|109\/365|[from] item: Leftovers
|upkeep
|turn|54
|J|craing
|choice|move lovelykiss|move icebeam
|
|move|p2a: Nidoking|Ice Beam|p1a: Nidoking
|-supereffective|p1a: Nidoking
|-damage|p1a: Nidoking|0 fnt
|faint|p1a: Nidoking
|J|destinyunknown
|J|carlybaejepsen
|c|★Mr.378|Got lucky here
|c|★d0nut|well not like how i wanted that to go
|c|★d0nut|but gg man, nice run so far
|L|mael ♥
|c|★Mr.378|Thanks man
|-message|d0nut forfeited.
|
|win|Mr.378
|player|p1
|player|p2
|L|The Idiot Ninja
|L|choolio iglesias
|L|ErisGreyratt(︡!)
|L|jvl101993
|L|sam-testings
|L|trapstars
|L|camilas
|J|DragonWhale
|L|obii╚╗
|L|hyogafodex
|L|SamVGC ✿
|L|Odell Beckham III
|L|reyscarface
|L|controversial dog
|L|kratosmana
|L|Syl♥ie Lyyneheym
|L|d0nut
|L|Lacus Clyne
|L|Alexander
|L|tko
|L|Eo
|L|NJNP➏神
|J|trapstars
|L|Natalie
|L|Finchinator
|L|Blinkboy
|L|Peasounay
|L|Ojama
|L|boudouche
|L|luckstard
|L|destinyunknown
|L|Bughouse
|L|miltankmilk
|L|Astamatitos
|L|Crystal_ rby
|L|qsns
|L|ABR
|L|DragonWhale
|L|Vinc2612
|L|Vileman
|L|R!cardo
|J|Astamatitos
|L|BLINGAS
|L|cツoツcツoツnツuツt
|L|Frexa ⚾
|L|GOAO
|J|Sweepage
|L|Duck Chris
|L|THE PDC SHOW
|J|Aurious
|L|Aurious
|L|leru
|J|Aurious
|L|ReshiRampage
|L|Aurious
|L|klefkiholder
|L|tamahome
|L|Ciele
|L|Hugendugen
|L|Freeroamer
|L|THE lLLEST VILLAIN
|L|august
|L|atomicllamas ☾
|L|Sweepage
|J|choolio iglesias</script>
</div>
<div class="battle-log battle-log-inline"><div class="inner"><div class="battle-options"></div><div class="inner"><div class="chat message-error">Battle timer is ON: inactive players will automatically lose when time's up.</div><div class=""><small>Format:</small> <br><strong>[Gen 2] OU</strong></div><div class=""><small><em>Sleep Clause Mod:</em> Limit one foe put to sleep</small></div><div class=""><small><em>Species Clause:</em> Limit one of each Pokémon</small></div><div class=""><small><em>OHKO Clause:</em> OHKO moves are banned</small></div><div class=""><small><em>Evasion Moves Clause:</em> Evasion moves are banned</small></div><div class=""><small><em>HP Percentage Mod:</em> HP is shown in percentages</small></div><div class="spacer battle-history"><br></div><div class="battle-history">Battle started between d0nut and Mr.378!<br></div><div class="spacer battle-history"><br></div><div class="battle-history">Go! <strong>Nidoking</strong>!<br></div><div class="spacer battle-history"><br></div><div class="battle-history">Mr.378 sent out <strong>Zapdos</strong>!<br></div><div class="spacer battle-history"><br></div><h2 class="battle-history">Turn 1</h2><div class="chat chatmessage-finchinator"><strong style="color:#4754e6"><small>+</small><span class="username" data-name="Finchinator">Finchinator</span>:</strong> <em>GOOOOOOOOOOOOOO</em></div><div class="chat"><div class="broadcast-red"><b>Moderated chat was set to @!</b><br>Only users of rank @ and higher can talk.</div></div><div class="chat chatmessage-mr378"><strong style="color:#909217"><small>★</small><span class="username" data-name="Mr.378">Mr.378</span>:</strong> <em>hf</em></div><div class="spacer battle-history"><br></div><div class="battle-history">Nidoking, come back!<br></div><div class="battle-history">Go! <strong>Snorlax</strong>!<br></div><div class="spacer battle-history"><br></div><div class="battle-history">The opposing Zapdos used <strong>Hidden Power</strong>!<br></div><div class="battle-history"><small>(Snorlax lost <abbr title="−60/523">11.5%</abbr> of its health!)</small><br></div><div class="spacer battle-history"><br></div><div class="battle-history"><small>Snorlax restored a little HP using its Leftovers!</small><br></div><div class="spacer battle-history"><br></div><h2 class="battle-history">Turn 2</h2><div class="spacer battle-history"><br></div><div class="battle-history">The opposing Zapdos used <strong>Thunder</strong>!<br></div><div class="battle-history"><small>(Snorlax lost <abbr title="−145/523">27.7%</abbr> of its health!)</small><br></div><div class="battle-history"><small>Snorlax is paralyzed! It may be unable to move!</small><br></div><div class="spacer battle-history"><br></div><div class="battle-history">Snorlax used <strong>Double-Edge</strong>!<br></div><div class="battle-history"><small>(The opposing Zapdos lost <abbr title="−177/383">46.2%</abbr> of its health!)</small><br></div><div class="battle-history"><small>Snorlax was damaged by the recoil!</small><br></div><div class="spacer battle-history"><br></div><div class="battle-history"><small>The opposing Zapdos restored a little HP using its Leftovers!</small><br></div><div class="battle-history"><small>Snorlax restored a little HP using its Leftovers!</small><br></div><div class="spacer battle-history"><br></div><h2 class="battle-history">Turn 3</h2><div class="spacer battle-history"><br></div><div class="battle-history">Mr.378 withdrew Zapdos!<br></div><div class="battle-history">Mr.378 sent out <strong>Cloyster</strong>!<br></div><div class="spacer battle-history"><br></div><div class="battle-history">Snorlax, come back!<br></div><div class="battle-history">Go! <strong>Nidoking</strong>!<br></div><div class="spacer battle-history"><br></div><h2 class="battle-history">Turn 4</h2><div class="spacer battle-history"><br></div><div class="battle-history">Nidoking used <strong>Lovely Kiss</strong>!<br></div><div class="battle-history"><small>The opposing Cloyster fell asleep!</small><br></div><div class="spacer battle-history"><br></div><div class="battle-history">The opposing Cloyster is fast asleep.<br></div><div class="spacer battle-history"><br></div><h2 class="battle-history">Turn 5</h2><div class="spacer battle-history"><br></div><div class="battle-history">Mr.378 withdrew Cloyster!<br></div><div class="battle-history">Mr.378 sent out <strong>Snorlax</strong>!<br></div><div class="spacer battle-history"><br></div><div class="battle-history">Nidoking used <strong>Thunder</strong>!<br></div><div class="battle-history"><small>(The opposing Snorlax lost <abbr title="−79/523">15.1%</abbr> of its health!)</small><br></div><div class="battle-history"><small>The opposing Snorlax is paralyzed! It may be unable to move!</small><br></div><div class="spacer battle-history"><br></div><div class="battle-history"><small>The opposing Snorlax restored a little HP using its Leftovers!</small><br></div><div class="spacer battle-history"><br></div><h2 class="battle-history">Turn 6</h2><div class="spacer battle-history"><br></div><div class="battle-history">Nidoking, come back!<br></div><div class="battle-history">Go! <strong>Cloyster</strong>!<br></div><div class="spacer battle-history"><br></div><div class="battle-history">The opposing Snorlax is paralyzed! It can't move!<br></div><div class="spacer battle-history"><br></div><div class="battle-history"><small>The opposing Snorlax restored a little HP using its Leftovers!</small><br></div><div class="spacer battle-history"><br></div><h2 class="battle-history">Turn 7</h2><div class="spacer battle-history"><br></div><div class="battle-history">Mr.378 withdrew Snorlax!<br></div><div class="battle-history">Mr.378 sent out <strong>Zapdos</strong>!<br></div><div class="spacer battle-history"><br></div><div class="battle-history">Cloyster used <strong>Spikes</strong>!<br></div><div class="battle-history"><small>Spikes were scattered on the ground all around the opposing team!</small><br></div><div class="spacer battle-history"><br></div><div class="battle-history"><small>The opposing Zapdos restored a little HP using its Leftovers!</small><br></div><div class="spacer battle-history"><br></div><h2 class="battle-history">Turn 8</h2><div class="spacer battle-history"><br></div><div class="battle-history">Cloyster, come back!<br></div><div class="battle-history">Go! <strong>Snorlax</strong>!<br></div><div class="spacer battle-history"><br></div><div class="battle-history">The opposing Zapdos used <strong>Thunder</strong>!<br></div><div class="battle-history"><small>Snorlax avoided the attack!</small><br></div><div class="spacer battle-history"><br></div><div class="battle-history"><small>The opposing Zapdos restored a little HP using its Leftovers!</small><br></div><div class="battle-history"><small>Snorlax restored a little HP using its Leftovers!</small><br></div><div class="spacer battle-history"><br></div><h2 class="battle-history">Turn 9</h2><div class="spacer battle-history"><br></div><div class="battle-history">The opposing Zapdos used <strong>Thunder</strong>!<br></div><div class="battle-history"><small>Snorlax avoided the attack!</small><br></div><div class="spacer battle-history"><br></div><div class="battle-history">Snorlax used <strong>Rest</strong>!<br></div><div class="battle-history"><small>Snorlax fell asleep!</small><br></div><div class="battle-history"><small>Snorlax slept and became healthy!</small><br></div><div class="spacer battle-history"><br></div><div class="battle-history"><small>The opposing Zapdos restored a little HP using its Leftovers!</small><br></div><div class="spacer battle-history"><br></div><h2 class="battle-history">Turn 10</h2><div class="spacer battle-history"><br></div><div class="battle-history">Mr.378 withdrew Zapdos!<br></div><div class="battle-history">Mr.378 sent out <strong>Cloyster</strong>!<br></div><div class="battle-history"><small>The opposing Cloyster was hurt by the spikes!</small><br></div><div class="spacer battle-history"><br></div><div class="battle-history">Snorlax is fast asleep.<br></div><div class="spacer battle-history"><br></div><div class="battle-history"><small>The opposing Cloyster restored a little HP using its Leftovers!</small><br></div><div class="spacer battle-history"><br></div><h2 class="battle-history">Turn 11</h2><div class="spacer battle-history"><br></div><div class="battle-history">Snorlax, come back!<br></div><div class="battle-history">Go! <strong>Zapdos</strong>!<br></div><div class="spacer battle-history"><br></div><div class="battle-history">The opposing Cloyster is fast asleep.<br></div><div class="spacer battle-history"><br></div><div class="battle-history"><small>The opposing Cloyster restored a little HP using its Leftovers!</small><br></div><div class="spacer battle-history"><br></div><h2 class="battle-history">Turn 12</h2><div class="spacer battle-history"><br></div><div class="battle-history">Mr.378 withdrew Cloyster!<br></div><div class="battle-history">Mr.378 sent out <strong>Snorlax</strong>!<br></div><div class="battle-history"><small>The opposing Snorlax was hurt by the spikes!</small><br></div><div class="spacer battle-history"><br></div><div class="battle-history">Zapdos used <strong>Thunder</strong>!<br></div><div class="battle-history"><small>The opposing Snorlax avoided the attack!</small><br></div><div class="spacer battle-history"><br></div><div class="battle-history"><small>The opposing Snorlax restored a little HP using its Leftovers!</small><br></div><div class="spacer battle-history"><br></div><h2 class="battle-history">Turn 13</h2><div class="spacer battle-history"><br></div><div class="battle-history">Zapdos used <strong>Thunder</strong>!<br></div><div class="battle-history"><small>The opposing Snorlax avoided the attack!</small><br></div><div class="spacer battle-history"><br></div><div class="battle-history">The opposing Snorlax is paralyzed! It can't move!<br></div><div class="spacer battle-history"><br></div><div class="battle-history"><small>The opposing Snorlax restored a little HP using its Leftovers!</small><br></div><div class="spacer battle-history"><br></div><h2 class="battle-history">Turn 14</h2><div class="spacer battle-history"><br></div><div class="battle-history">Zapdos used <strong>Thunder</strong>!<br></div><div class="battle-history"><small>(The opposing Snorlax lost <abbr title="−149/523">28.5%</abbr> of its health!)</small><br></div><div class="spacer battle-history"><br></div><div class="battle-history">The opposing Snorlax is paralyzed! It can't move!<br></div><div class="spacer battle-history"><br></div><div class="battle-history"><small>The opposing Snorlax restored a little HP using its Leftovers!</small><br></div><div class="spacer battle-history"><br></div><h2 class="battle-history">Turn 15</h2><div class="spacer battle-history"><br></div><div class="battle-history">Zapdos used <strong>Thunder</strong>!<br></div><div class="battle-history"><small>The opposing Snorlax avoided the attack!</small><br></div><div class="spacer battle-history"><br></div><div class="battle-history">The opposing Snorlax used <strong>Curse</strong>!<br></div><div class="battle-history"><small>The opposing Snorlax's Speed fell!</small><br></div><div class="battle-history"><small>The opposing Snorlax's Attack rose!</small><br></div><div class="battle-history"><small>The opposing Snorlax's Defense rose!</small><br></div><div class="spacer battle-history"><br></div><div class="battle-history"><small>The opposing Snorlax restored a little HP using its Leftovers!</small><br></div><div class="spacer battle-history"><br></div><h2 class="battle-history">Turn 16</h2><div class="spacer battle-history"><br></div><div class="battle-history">Zapdos used <strong>Thunder</strong>!<br></div><div class="battle-history"><small>(The opposing Snorlax lost <abbr title="−155/523">29.6%</abbr> of its health!)</small><br></div><div class="spacer battle-history"><br></div><div class="battle-history">The opposing Snorlax used <strong>Double-Edge</strong>!<br></div><div class="battle-history"><small>(Zapdos lost <abbr title="−274/383">71.5%</abbr> of its health!)</small><br></div><div class="battle-history"><small>The opposing Snorlax was damaged by the recoil!</small><br></div><div class="spacer battle-history"><br></div><div class="battle-history"><small>Zapdos restored a little HP using its Leftovers!</small><br></div><div class="battle-history"><small>The opposing Snorlax restored a little HP using its Leftovers!</small><br></div><div class="spacer battle-history"><br></div><h2 class="battle-history">Turn 17</h2><div class="spacer battle-history"><br></div><div class="battle-history">Zapdos, come back!<br></div><div class="battle-history">Go! <strong>Skarmory</strong>!<br></div><div class="spacer battle-history"><br></div><div class="battle-history">The opposing Snorlax used <strong>Rest</strong>!<br></div><div class="battle-history"><small>The opposing Snorlax fell asleep!</small><br></div><div class="battle-history"><small>The opposing Snorlax slept and became healthy!</small><br></div><div class="spacer battle-history"><br></div><h2 class="battle-history">Turn 18</h2><div class="spacer battle-history"><br></div><div class="battle-history">Skarmory used <strong>Thief</strong>!<br></div><div class="battle-history"><small>(The opposing Snorlax lost <abbr title="−18/523">3.4%</abbr> of its health!)</small><br></div><div class="battle-history"><small>Skarmory stole the opposing Snorlax's Leftovers!</small><br></div><div class="spacer battle-history"><br></div><div class="battle-history">The opposing Snorlax is fast asleep.<br></div><div class="spacer battle-history"><br></div><h2 class="battle-history">Turn 19</h2><div class="spacer battle-history"><br></div><div class="battle-history">The opposing Snorlax is fast asleep.<br></div><div class="spacer battle-history"><br></div><div class="battle-history">Skarmory used <strong>Whirlwind</strong>!<br></div><div class="spacer battle-history"><br></div><div class="battle-history"><strong>Tyranitar</strong> was dragged out!<br></div><div class="battle-history"><small>The opposing Tyranitar was hurt by the spikes!</small><br></div><div class="spacer battle-history"><br></div><div class="battle-history"><small>The opposing Tyranitar restored a little HP using its Leftovers!</small><br></div><div class="spacer battle-history"><br></div><h2 class="battle-history">Turn 20</h2><div class="spacer battle-history"><br></div><div class="battle-history">Skarmory, come back!<br></div><div class="battle-history">Go! <strong>Nidoking</strong>!<br></div><div class="spacer battle-history"><br></div><div class="battle-history">The opposing Tyranitar used <strong>Rock Slide</strong>!<br></div><div class="battle-history"><small>It's not very effective...</small><br></div><div class="battle-history"><small>(Nidoking lost <abbr title="−60/365">16.4%</abbr> of its health!)</small><br></div><div class="spacer battle-history"><br></div><div class="battle-history"><small>Nidoking restored a little HP using its Leftovers!</small><br></div><div class="battle-history"><small>The opposing Tyranitar restored a little HP using its Leftovers!</small><br></div><div class="spacer battle-history"><br></div><h2 class="battle-history">Turn 21</h2><div class="spacer battle-history"><br></div><div class="battle-history">Nidoking used <strong>Earthquake</strong>!<br></div><div class="battle-history"><small>It's super effective!</small><br></div><div class="battle-history"><small>(The opposing Tyranitar lost <abbr title="−208/403">51.6%</abbr> of its health!)</small><br></div><div class="spacer battle-history"><br></div><div class="battle-history">The opposing Tyranitar used <strong>Earthquake</strong>!<br></div><div class="battle-history"><small>It's super effective!</small><br></div><div class="battle-history"><small>(Nidoking lost <abbr title="−216/365">59.2%</abbr> of its health!)</small><br></div><div class="spacer battle-history"><br></div><div class="battle-history"><small>Nidoking restored a little HP using its Leftovers!</small><br></div><div class="battle-history"><small>The opposing Tyranitar restored a little HP using its Leftovers!</small><br></div><div class="spacer battle-history"><br></div><h2 class="battle-history">Turn 22</h2><div class="spacer battle-history"><br></div><div class="battle-history">Nidoking, come back!<br></div><div class="battle-history">Go! <strong>Cloyster</strong>!<br></div><div class="spacer battle-history"><br></div><div class="battle-history">The opposing Tyranitar used <strong>Earthquake</strong>!<br></div><div class="battle-history"><small>(Cloyster lost <abbr title="−63/303">20.8%</abbr> of its health!)</small><br></div><div class="spacer battle-history"><br></div><div class="battle-history"><small>Cloyster restored a little HP using its Leftovers!</small><br></div><div class="battle-history"><small>The opposing Tyranitar restored a little HP using its Leftovers!</small><br></div><div class="spacer battle-history"><br></div><h2 class="battle-history">Turn 23</h2><div class="spacer battle-history"><br></div><div class="battle-history">Mr.378 withdrew Tyranitar!<br></div><div class="battle-history">Mr.378 sent out <strong>Exeggutor</strong>!<br></div><div class="battle-history"><small>The opposing Exeggutor was hurt by the spikes!</small><br></div><div class="spacer battle-history"><br></div><div class="battle-history">Cloyster used <strong>Toxic</strong>!<br></div><div class="battle-history"><small>The opposing Exeggutor was badly poisoned!</small><br></div><div class="spacer battle-history"><br></div><div class="battle-history"><small>Cloyster restored a little HP using its Leftovers!</small><br></div><div class="battle-history"><small>The opposing Exeggutor restored a little HP using its Leftovers!</small><br></div><div class="spacer battle-history"><br></div><h2 class="battle-history">Turn 24</h2><div class="spacer battle-history"><br></div><div class="battle-history">Cloyster, come back!<br></div><div class="battle-history">Go! <strong>Tyranitar</strong>!<br></div><div class="spacer battle-history"><br></div><div class="battle-history">The opposing Exeggutor used <strong>Giga Drain</strong>!<br></div><div class="battle-history"><small>It's super effective!</small><br></div><div class="battle-history"><small>(Tyranitar lost <abbr title="−180/403">44.7%</abbr> of its health!)</small><br></div><div class="battle-history"><small>Tyranitar had its energy drained!</small><br></div><div class="battle-history"><small>The opposing Exeggutor was hurt by poison!</small><br></div><div class="spacer battle-history"><br></div><div class="battle-history"><small>Tyranitar restored a little HP using its Leftovers!</small><br></div><div class="battle-history"><small>The opposing Exeggutor restored a little HP using its Leftovers!</small><br></div><div class="spacer battle-history"><br></div><h2 class="battle-history">Turn 25</h2><div class="spacer battle-history"><br></div><div class="battle-history">Tyranitar used <strong>Crunch</strong>!<br></div><div class="battle-history"><small>It's super effective!</small><br></div><div class="battle-history"><small>(The opposing Exeggutor lost <abbr title="−232/393">59.0%</abbr> of its health!)</small><br></div><div class="spacer battle-history"><br></div><div class="battle-history">The opposing Exeggutor used <strong>Giga Drain</strong>!<br></div><div class="battle-history"><small>It's super effective!</small><br></div><div class="battle-history"><small>(Tyranitar lost <abbr title="−158/403">39.2%</abbr> of its health!)</small><br></div><div class="battle-history"><small>Tyranitar had its energy drained!</small><br></div><div class="battle-history"><small>The opposing Exeggutor was hurt by poison!</small><br></div><div class="spacer battle-history"><br></div><div class="battle-history"><small>Tyranitar restored a little HP using its Leftovers!</small><br></div><div class="battle-history"><small>The opposing Exeggutor restored a little HP using its Leftovers!</small><br></div><div class="spacer battle-history"><br></div><h2 class="battle-history">Turn 26</h2><div class="spacer battle-history"><br></div><div class="battle-history">Tyranitar used <strong>Crunch</strong>!<br></div><div class="battle-history"><small>It's super effective!</small><br></div><div class="battle-history"><small>(The opposing Exeggutor lost <abbr title="−216/393">55.0%</abbr> of its health!)</small><br></div><div class="spacer battle-history"><br></div><div class="battle-history">The opposing Exeggutor fainted!<br></div><div class="spacer battle-history"><br></div><div class="battle-history">Mr.378 sent out <strong>Nidoking</strong>!<br></div><div class="battle-history"><small>The opposing Nidoking was hurt by the spikes!</small><br></div><div class="spacer battle-history"><br></div><div class="battle-history"><small>The opposing Nidoking restored a little HP using its Leftovers!</small><br></div><div class="battle-history"><small>Tyranitar restored a little HP using its Leftovers!</small><br></div><div class="spacer battle-history"><br></div><h2 class="battle-history">Turn 27</h2><div class="spacer battle-history"><br></div><div class="battle-history">Tyranitar, come back!<br></div><div class="battle-history">Go! <strong>Snorlax</strong>!<br></div><div class="spacer battle-history"><br></div><div class="battle-history">The opposing Nidoking used <strong>Earthquake</strong>!<br></div><div class="battle-history"><small>(Snorlax lost <abbr title="−139/523">26.6%</abbr> of its health!)</small><br></div><div class="spacer battle-history"><br></div><div class="battle-history"><small>The opposing Nidoking restored a little HP using its Leftovers!</small><br></div><div class="battle-history"><small>Snorlax restored a little HP using its Leftovers!</small><br></div><div class="spacer battle-history"><br></div><h2 class="battle-history">Turn 28</h2><div class="spacer battle-history"><br></div><div class="battle-history">Mr.378 withdrew Nidoking!<br></div><div class="battle-history">Mr.378 sent out <strong>Cloyster</strong>!<br></div><div class="battle-history"><small>The opposing Cloyster was hurt by the spikes!</small><br></div><div class="spacer battle-history"><br></div><div class="battle-history">Snorlax is fast asleep.<br></div><div class="spacer battle-history"><br></div><div class="battle-history"><small>The opposing Cloyster restored a little HP using its Leftovers!</small><br></div><div class="battle-history"><small>Snorlax restored a little HP using its Leftovers!</small><br></div><div class="spacer battle-history"><br></div><h2 class="battle-history">Turn 29</h2><div class="spacer battle-history"><br></div><div class="battle-history">Snorlax, come back!<br></div><div class="battle-history">Go! <strong>Zapdos</strong>!<br></div><div class="battle-history"><small>The opposing Cloyster woke up!</small><br></div><div class="spacer battle-history"><br></div><div class="battle-history">The opposing Cloyster used <strong>Spikes</strong>!<br></div><div class="battle-history"><small>Spikes were scattered on the ground all around your team!</small><br></div><div class="spacer battle-history"><br></div><div class="battle-history"><small>Zapdos restored a little HP using its Leftovers!</small><br></div><div class="battle-history"><small>The opposing Cloyster restored a little HP using its Leftovers!</small><br></div><div class="spacer battle-history"><br></div><h2 class="battle-history">Turn 30</h2><div class="spacer battle-history"><br></div><div class="battle-history">Mr.378 withdrew Cloyster!<br></div><div class="battle-history">Mr.378 sent out <strong>Snorlax</strong>!<br></div><div class="battle-history"><small>The opposing Snorlax was hurt by the spikes!</small><br></div><div class="spacer battle-history"><br></div><div class="battle-history">Zapdos used <strong>Thunder</strong>!<br></div><div class="battle-history"><small>(The opposing Snorlax lost <abbr title="−167/523">31.9%</abbr> of its health!)</small><br></div><div class="spacer battle-history"><br></div><div class="battle-history"><small>Zapdos restored a little HP using its Leftovers!</small><br></div><div class="spacer battle-history"><br></div><h2 class="battle-history">Turn 31</h2><div class="spacer battle-history"><br></div><div class="battle-history">Mr.378 withdrew Snorlax!<br></div><div class="battle-history">Mr.378 sent out <strong>Nidoking</strong>!<br></div><div class="battle-history"><small>The opposing Nidoking was hurt by the spikes!</small><br></div><div class="spacer battle-history"><br></div><div class="battle-history">Zapdos used <strong>Rest</strong>!<br></div><div class="battle-history"><small>Zapdos fell asleep!</small><br></div><div class="battle-history"><small>Zapdos slept and became healthy!</small><br></div><div class="spacer battle-history"><br></div><div class="battle-history"><small>The opposing Nidoking restored a little HP using its Leftovers!</small><br></div><div class="spacer battle-history"><br></div><h2 class="battle-history">Turn 32</h2><div class="spacer battle-history"><br></div><div class="battle-history">Zapdos is fast asleep.<br></div><div class="spacer battle-history"><br></div><div class="battle-history">Zapdos used <strong>Sleep Talk</strong>!<br></div><div class="spacer battle-history"><br></div><div class="battle-history">Zapdos used <strong>Thunder</strong>!<br></div><div class="battle-history"><small>It doesn't affect the opposing Nidoking...</small><br></div><div class="spacer battle-history"><br></div><div class="battle-history">The opposing Nidoking used <strong>Ice Beam</strong>!<br></div><div class="battle-history"><small>It's super effective!</small><br></div><div class="battle-history"><small>(Zapdos lost <abbr title="−154/383">40.2%</abbr> of its health!)</small><br></div><div class="spacer battle-history"><br></div><div class="battle-history"><small>Zapdos restored a little HP using its Leftovers!</small><br></div><div class="battle-history"><small>The opposing Nidoking restored a little HP using its Leftovers!</small><br></div><div class="spacer battle-history"><br></div><h2 class="battle-history">Turn 33</h2><div class="spacer battle-history"><br></div><div class="battle-history">Zapdos is fast asleep.<br></div><div class="spacer battle-history"><br></div><div class="battle-history">Zapdos used <strong>Sleep Talk</strong>!<br></div><div class="spacer battle-history"><br></div><div class="battle-history">Zapdos used <strong>Hidden Power</strong>!<br></div><div class="battle-history"><small>It's super effective!</small><br></div><div class="battle-history"><small>(The opposing Nidoking lost <abbr title="−148/365">40.5%</abbr> of its health!)</small><br></div><div class="spacer battle-history"><br></div><div class="battle-history">The opposing Nidoking used <strong>Ice Beam</strong>!<br></div><div class="battle-history"><small>It's super effective!</small><br></div><div class="battle-history"><small>(Zapdos lost <abbr title="−140/383">36.6%</abbr> of its health!)</small><br></div><div class="spacer battle-history"><br></div><div class="battle-history"><small>Zapdos restored a little HP using its Leftovers!</small><br></div><div class="battle-history"><small>The opposing Nidoking restored a little HP using its Leftovers!</small><br></div><div class="spacer battle-history"><br></div><h2 class="battle-history">Turn 34</h2><div class="spacer battle-history"><br></div><div class="battle-history"><small>Zapdos woke up!</small><br></div><div class="spacer battle-history"><br></div><div class="battle-history">Zapdos used <strong>Rest</strong>!<br></div><div class="battle-history"><small>Zapdos fell asleep!</small><br></div><div class="battle-history"><small>Zapdos slept and became healthy!</small><br></div><div class="spacer battle-history"><br></div><div class="battle-history">The opposing Nidoking used <strong>Ice Beam</strong>!<br></div><div class="battle-history"><small>It's super effective!</small><br></div><div class="battle-history"><small>(Zapdos lost <abbr title="−138/383">36.0%</abbr> of its health!)</small><br></div><div class="spacer battle-history"><br></div><div class="battle-history"><small>Zapdos restored a little HP using its Leftovers!</small><br></div><div class="battle-history"><small>The opposing Nidoking restored a little HP using its Leftovers!</small><br></div><div class="spacer battle-history"><br></div><h2 class="battle-history">Turn 35</h2><div class="spacer battle-history"><br></div><div class="battle-history">Zapdos is fast asleep.<br></div><div class="spacer battle-history"><br></div><div class="battle-history">Zapdos used <strong>Sleep Talk</strong>!<br></div><div class="spacer battle-history"><br></div><div class="battle-history">Zapdos used <strong>Thunder</strong>!<br></div><div class="battle-history"><small>It doesn't affect the opposing Nidoking...</small><br></div><div class="spacer battle-history"><br></div><div class="battle-history">The opposing Nidoking used <strong>Ice Beam</strong>!<br></div><div class="battle-history"><small>It's super effective!</small><br></div><div class="battle-history"><small>(Zapdos lost <abbr title="−152/383">39.7%</abbr> of its health!)</small><br></div><div class="spacer battle-history"><br></div><div class="battle-history"><small>Zapdos restored a little HP using its Leftovers!</small><br></div><div class="battle-history"><small>The opposing Nidoking restored a little HP using its Leftovers!</small><br></div><div class="spacer battle-history"><br></div><h2 class="battle-history">Turn 36</h2><div class="spacer battle-history"><br></div><div class="battle-history">Zapdos, come back!<br></div><div class="battle-history">Go! <strong>Snorlax</strong>!<br></div><div class="battle-history"><small>Snorlax was hurt by the spikes!</small><br></div><div class="spacer battle-history"><br></div><div class="battle-history">The opposing Nidoking used <strong>Ice Beam</strong>!<br></div><div class="battle-history"><small>A critical hit!</small><br></div><div class="battle-history"><small>(Snorlax lost <abbr title="−117/523">22.4%</abbr> of its health!)</small><br></div><div class="spacer battle-history"><br></div><div class="battle-history"><small>The opposing Nidoking restored a little HP using its Leftovers!</small><br></div><div class="battle-history"><small>Snorlax restored a little HP using its Leftovers!</small><br></div><div class="spacer battle-history"><br></div><h2 class="battle-history">Turn 37</h2><div class="spacer battle-history"><br></div><div class="battle-history">The opposing Nidoking used <strong>Earthquake</strong>!<br></div><div class="battle-history"><small>(Snorlax lost <abbr title="−148/523">28.3%</abbr> of its health!)</small><br></div><div class="battle-history"><small>Snorlax woke up!</small><br></div><div class="spacer battle-history"><br></div><div class="battle-history">Snorlax used <strong>Rest</strong>!<br></div><div class="battle-history"><small>Snorlax fell asleep!</small><br></div><div class="battle-history"><small>Snorlax slept and became healthy!</small><br></div><div class="spacer battle-history"><br></div><div class="battle-history"><small>The opposing Nidoking restored a little HP using its Leftovers!</small><br></div><div class="spacer battle-history"><br></div><h2 class="battle-history">Turn 38</h2><div class="spacer battle-history"><br></div><div class="battle-history">The opposing Nidoking used <strong>Earthquake</strong>!<br></div><div class="battle-history"><small>(Snorlax lost <abbr title="−153/523">29.3%</abbr> of its health!)</small><br></div><div class="spacer battle-history"><br></div><div class="battle-history">Snorlax is fast asleep.<br></div><div class="spacer battle-history"><br></div><div class="battle-history"><small>The opposing Nidoking restored a little HP using its Leftovers!</small><br></div><div class="battle-history"><small>Snorlax restored a little HP using its Leftovers!</small><br></div><div class="spacer battle-history"><br></div><h2 class="battle-history">Turn 39</h2><div class="spacer battle-history"><br></div><div class="battle-history">The opposing Nidoking used <strong>Earthquake</strong>!<br></div><div class="battle-history"><small>A critical hit!</small><br></div><div class="battle-history"><small>(Snorlax lost <abbr title="−290/523">55.4%</abbr> of its health!)</small><br></div><div class="spacer battle-history"><br></div><div class="battle-history">Snorlax is fast asleep.<br></div><div class="spacer battle-history"><br></div><div class="battle-history"><small>The opposing Nidoking restored a little HP using its Leftovers!</small><br></div><div class="battle-history"><small>Snorlax restored a little HP using its Leftovers!</small><br></div><div class="spacer battle-history"><br></div><h2 class="battle-history">Turn 40</h2><div class="spacer battle-history"><br></div><div class="battle-history">Snorlax, come back!<br></div><div class="battle-history">Go! <strong>Zapdos</strong>!<br></div><div class="spacer battle-history"><br></div><div class="battle-history">The opposing Nidoking used <strong>Earthquake</strong>!<br></div><div class="battle-history"><small>It doesn't affect Zapdos...</small><br></div><div class="spacer battle-history"><br></div><div class="battle-history"><small>Zapdos restored a little HP using its Leftovers!</small><br></div><div class="spacer battle-history"><br></div><h2 class="battle-history">Turn 41</h2><div class="spacer battle-history"><br></div><div class="battle-history">Zapdos is fast asleep.<br></div><div class="spacer battle-history"><br></div><div class="battle-history">The opposing Nidoking used <strong>Ice Beam</strong>!<br></div><div class="battle-history"><small>It's super effective!</small><br></div><div class="battle-history"><small>(Zapdos lost <abbr title="−156/383">40.7%</abbr> of its health!)</small><br></div><div class="spacer battle-history"><br></div><div class="battle-history"><small>Zapdos restored a little HP using its Leftovers!</small><br></div><div class="spacer battle-history"><br></div><h2 class="battle-history">Turn 42</h2><div class="spacer battle-history"><br></div><div class="battle-history"><small>Zapdos woke up!</small><br></div><div class="spacer battle-history"><br></div><div class="battle-history">Zapdos used <strong>Rest</strong>!<br></div><div class="battle-history"><small>Zapdos fell asleep!</small><br></div><div class="battle-history"><small>Zapdos slept and became healthy!</small><br></div><div class="spacer battle-history"><br></div><div class="battle-history">The opposing Nidoking used <strong>Ice Beam</strong>!<br></div><div class="battle-history"><small>It's super effective!</small><br></div><div class="battle-history"><small>(Zapdos lost <abbr title="−158/383">41.3%</abbr> of its health!)</small><br></div><div class="spacer battle-history"><br></div><div class="battle-history"><small>Zapdos restored a little HP using its Leftovers!</small><br></div><div class="spacer battle-history"><br></div><h2 class="battle-history">Turn 43</h2><div class="spacer battle-history"><br></div><div class="battle-history">Zapdos is fast asleep.<br></div><div class="spacer battle-history"><br></div><div class="battle-history">Zapdos used <strong>Sleep Talk</strong>!<br></div><div class="spacer battle-history"><br></div><div class="battle-history">Zapdos used <strong>Thunder</strong>!<br></div><div class="battle-history"><small>It doesn't affect the opposing Nidoking...</small><br></div><div class="spacer battle-history"><br></div><div class="battle-history">The opposing Nidoking used <strong>Ice Beam</strong>!<br></div><div class="battle-history"><small>It's super effective!</small><br></div><div class="battle-history"><small>(Zapdos lost <abbr title="−155/383">40.5%</abbr> of its health!)</small><br></div><div class="spacer battle-history"><br></div><div class="battle-history"><small>Zapdos restored a little HP using its Leftovers!</small><br></div><div class="spacer battle-history"><br></div><h2 class="battle-history">Turn 44</h2><div class="spacer battle-history"><br></div><div class="battle-history">Zapdos is fast asleep.<br></div><div class="spacer battle-history"><br></div><div class="battle-history">Zapdos used <strong>Sleep Talk</strong>!<br></div><div class="spacer battle-history"><br></div><div class="battle-history">Zapdos used <strong>Rest</strong>!<br></div><div class="battle-history"><small>Zapdos slept and became healthy!</small><br></div><div class="spacer battle-history"><br></div><div class="battle-history">The opposing Nidoking used <strong>Ice Beam</strong>!<br></div><div class="battle-history"><small>It's super effective!</small><br></div><div class="battle-history"><small>(Zapdos lost <abbr title="−154/383">40.2%</abbr> of its health!)</small><br></div><div class="spacer battle-history"><br></div><div class="battle-history"><small>Zapdos restored a little HP using its Leftovers!</small><br></div><div class="spacer battle-history"><br></div><h2 class="battle-history">Turn 45</h2><div class="spacer battle-history"><br></div><div class="battle-history">Zapdos is fast asleep.<br></div><div class="spacer battle-history"><br></div><div class="battle-history">Zapdos used <strong>Sleep Talk</strong>!<br></div><div class="spacer battle-history"><br></div><div class="battle-history">Zapdos used <strong>Hidden Power</strong>!<br></div><div class="battle-history"><small>It's super effective!</small><br></div><div class="battle-history"><small>(The opposing Nidoking lost <abbr title="−152/365">41.6%</abbr> of its health!)</small><br></div><div class="spacer battle-history"><br></div><div class="battle-history">The opposing Nidoking used <strong>Ice Beam</strong>!<br></div><div class="battle-history"><small>It's super effective!</small><br></div><div class="battle-history"><small>(Zapdos lost <abbr title="−142/383">37.1%</abbr> of its health!)</small><br></div><div class="spacer battle-history"><br></div><div class="battle-history"><small>Zapdos restored a little HP using its Leftovers!</small><br></div><div class="battle-history"><small>The opposing Nidoking restored a little HP using its Leftovers!</small><br></div><div class="spacer battle-history"><br></div><h2 class="battle-history">Turn 46</h2><div class="spacer battle-history"><br></div><div class="battle-history">Zapdos is fast asleep.<br></div><div class="spacer battle-history"><br></div><div class="battle-history">Zapdos used <strong>Sleep Talk</strong>!<br></div><div class="spacer battle-history"><br></div><div class="battle-history">Zapdos used <strong>Hidden Power</strong>!<br></div><div class="battle-history"><small>It's super effective!</small><br></div><div class="battle-history"><small>(The opposing Nidoking lost <abbr title="−149/365">40.8%</abbr> of its health!)</small><br></div><div class="spacer battle-history"><br></div><div class="battle-history">The opposing Nidoking used <strong>Ice Beam</strong>!<br></div><div class="battle-history"><small>It's super effective!</small><br></div><div class="battle-history"><small>(Zapdos lost <abbr title="−133/383">34.7%</abbr> of its health!)</small><br></div><div class="spacer battle-history"><br></div><div class="battle-history">Zapdos fainted!<br></div><div class="spacer battle-history"><br></div><div class="battle-history">Go! <strong>Nidoking</strong>!<br></div><div class="battle-history"><small>Nidoking was hurt by the spikes!</small><br></div><div class="spacer battle-history"><br></div><div class="battle-history"><small>Nidoking restored a little HP using its Leftovers!</small><br></div><div class="battle-history"><small>The opposing Nidoking restored a little HP using its Leftovers!</small><br></div><div class="spacer battle-history"><br></div><h2 class="battle-history">Turn 47</h2><div class="spacer battle-history"><br></div><div class="battle-history">Mr.378 withdrew Nidoking!<br></div><div class="battle-history">Mr.378 sent out <strong>Zapdos</strong>!<br></div><div class="spacer battle-history"><br></div><div class="battle-history">Nidoking used <strong>Ice Beam</strong>!<br></div><div class="battle-history"><small>It's super effective!</small><br></div><div class="battle-history"><small>(The opposing Zapdos lost <abbr title="−151/383">39.4%</abbr> of its health!)</small><br></div><div class="spacer battle-history"><br></div><div class="battle-history"><small>The opposing Zapdos restored a little HP using its Leftovers!</small><br></div><div class="battle-history"><small>Nidoking restored a little HP using its Leftovers!</small><br></div><div class="spacer battle-history"><br></div><h2 class="battle-history">Turn 48</h2><div class="spacer battle-history"><br></div><div class="battle-history">Nidoking, come back!<br></div><div class="battle-history">Go! <strong>Cloyster</strong>!<br></div><div class="battle-history"><small>Cloyster was hurt by the spikes!</small><br></div><div class="spacer battle-history"><br></div><div class="battle-history">The opposing Zapdos used <strong>Hidden Power</strong>!<br></div><div class="battle-history"><small>It's not very effective...</small><br></div><div class="battle-history"><small>(Cloyster lost <abbr title="−24/303">7.9%</abbr> of its health!)</small><br></div><div class="spacer battle-history"><br></div><div class="battle-history"><small>The opposing Zapdos restored a little HP using its Leftovers!</small><br></div><div class="battle-history"><small>Cloyster restored a little HP using its Leftovers!</small><br></div><div class="spacer battle-history"><br></div><h2 class="battle-history">Turn 49</h2><div class="spacer battle-history"><br></div><div class="battle-history">The opposing Zapdos used <strong>Thunder</strong>!<br></div><div class="battle-history"><small>It's super effective!</small><br></div><div class="battle-history"><small>(Cloyster lost <abbr title="−233/303">76.9%</abbr> of its health!)</small><br></div><div class="spacer battle-history"><br></div><div class="battle-history">Cloyster fainted!<br></div><div class="spacer battle-history"><br></div><div class="battle-history">Go! <strong>Tyranitar</strong>!<br></div><div class="battle-history"><small>Tyranitar was hurt by the spikes!</small><br></div><div class="spacer battle-history"><br></div><div class="battle-history"><small>The opposing Zapdos restored a little HP using its Leftovers!</small><br></div><div class="battle-history"><small>Tyranitar restored a little HP using its Leftovers!</small><br></div><div class="spacer battle-history"><br></div><h2 class="battle-history">Turn 50</h2><div class="spacer battle-history"><br></div><div class="battle-history">Mr.378 withdrew Zapdos!<br></div><div class="battle-history">Mr.378 sent out <strong>Tyranitar</strong>!<br></div><div class="battle-history"><small>The opposing Tyranitar was hurt by the spikes!</small><br></div><div class="spacer battle-history"><br></div><div class="battle-history">Tyranitar used <strong>Rock Slide</strong>!<br></div><div class="battle-history"><small>(The opposing Tyranitar lost <abbr title="−102/403">25.3%</abbr> of its health!)</small><br></div><div class="spacer battle-history"><br></div><div class="battle-history"><small>The opposing Tyranitar restored a little HP using its Leftovers!</small><br></div><div class="battle-history"><small>Tyranitar restored a little HP using its Leftovers!</small><br></div><div class="spacer battle-history"><br></div><h2 class="battle-history">Turn 51</h2><div class="spacer battle-history"><br></div><div class="battle-history">Tyranitar, come back!<br></div><div class="battle-history">Go! <strong>Skarmory</strong>!<br></div><div class="spacer battle-history"><br></div><div class="battle-history">The opposing Tyranitar used <strong>Earthquake</strong>!<br></div><div class="battle-history"><small>It doesn't affect Skarmory...</small><br></div><div class="spacer battle-history"><br></div><div class="battle-history"><small>The opposing Tyranitar restored a little HP using its Leftovers!</small><br></div><div class="spacer battle-history"><br></div><h2 class="battle-history">Turn 52</h2><div class="spacer battle-history"><br></div><div class="battle-history">The opposing Tyranitar used <strong>Fire Blast</strong>!<br></div><div class="battle-history"><small>It's super effective!</small><br></div><div class="battle-history"><small>(Skarmory lost <abbr title="−215/333">64.6%</abbr> of its health!)</small><br></div><div class="battle-history"><small>Skarmory was burned!</small><br></div><div class="spacer battle-history"><br></div><div class="battle-history">Skarmory used <strong>Whirlwind</strong>!<br></div><div class="spacer battle-history"><br></div><div class="battle-history"><strong>Nidoking</strong> was dragged out!<br></div><div class="battle-history"><small>Skarmory was hurt by its burn!</small><br></div><div class="battle-history"><small>The opposing Nidoking was hurt by the spikes!</small><br></div><div class="spacer battle-history"><br></div><div class="battle-history"><small>The opposing Nidoking restored a little HP using its Leftovers!</small><br></div><div class="battle-history"><small>Skarmory restored a little HP using its Leftovers!</small><br></div><div class="spacer battle-history"><br></div><h2 class="battle-history">Turn 53</h2><div class="spacer battle-history"><br></div><div class="battle-history">The opposing Nidoking used <strong>Thunder</strong>!<br></div><div class="battle-history"><small>It's super effective!</small><br></div><div class="battle-history"><small>(Skarmory lost <abbr title="−97/333">29.1%</abbr> of its health!)</small><br></div><div class="spacer battle-history"><br></div><div class="battle-history">Skarmory fainted!<br></div><div class="spacer battle-history"><br></div><div class="battle-history">Go! <strong>Nidoking</strong>!<br></div><div class="battle-history"><small>Nidoking was hurt by the spikes!</small><br></div><div class="spacer battle-history"><br></div><div class="battle-history"><small>The opposing Nidoking restored a little HP using its Leftovers!</small><br></div><div class="battle-history"><small>Nidoking restored a little HP using its Leftovers!</small><br></div><div class="spacer battle-history"><br></div><h2 class="battle-history">Turn 54</h2><div class="spacer battle-history"><br></div><div class="battle-history">The opposing Nidoking used <strong>Ice Beam</strong>!<br></div><div class="battle-history"><small>It's super effective!</small><br></div><div class="battle-history"><small>(Nidoking lost <abbr title="−109/365">29.9%</abbr> of its health!)</small><br></div><div class="spacer battle-history"><br></div><div class="battle-history">Nidoking fainted!<br></div><div class="chat chatmessage-mr378"><strong style="color:#909217"><small>★</small><span class="username" data-name="Mr.378">Mr.378</span>:</strong> <em>Got lucky here</em></div><div class="chat chatmessage-d0nut"><strong style="color:#0d9eca"><small>★</small><span class="username" data-name="d0nut">d0nut</span>:</strong> <em>well not like how i wanted that to go</em></div><div class="chat chatmessage-d0nut"><strong style="color:#0d9eca"><small>★</small><span class="username" data-name="d0nut">d0nut</span>:</strong> <em>but gg man, nice run so far</em></div><div class="chat chatmessage-mr378"><strong style="color:#909217"><small>★</small><span class="username" data-name="Mr.378">Mr.378</span>:</strong> <em>Thanks man</em></div><div class="battle-history"><small>d0nut forfeited.</small><br></div><div class="spacer battle-history"><br></div><div class="battle-history"><strong>Mr.378</strong> won the battle!<br></div></div><div class="inner-preempt"></div></div></div>
</div>
<script>
let daily = Math.floor(Date.now()/1000/60/60/24);document.write('<script src="https://play.pokemonshowdown.com/js/replay-embed.js?version'+daily+'"></'+'script>');
</script>
