<!DOCTYPE html>
<meta charset="utf-8" />
<!-- version 1 -->
<title>[Gen 2] OU replay: Mr.E vs. VIL XD</title>
<style>
html,body {font-family:Verdana, sans-serif;font-size:10pt;margin:0;padding:0;}body{padding:12px 0;} .battle-log {font-family:Verdana, sans-serif;font-size:10pt;} .battle-log-inline {border:1px solid #AAAAAA;background:#EEF2F5;color:black;max-width:640px;margin:0 auto 80px;padding-bottom:5px;} .battle-log .inner {padding:4px 8px 0px 8px;} .battle-log .inner-preempt {padding:0 8px 4px 8px;} .battle-log .inner-after {margin-top:0.5em;} .battle-log h2 {margin:0.5em -8px;padding:4px 8px;border:1px solid #AAAAAA;background:#E0E7EA;border-left:0;border-right:0;font-family:Verdana, sans-serif;font-size:13pt;} .battle-log .chat {vertical-align:middle;padding:3px 0 3px 0;font-size:8pt;} .battle-log .chat strong {color:#40576A;} .battle-log .chat em {padding:1px 4px 1px 3px;color:#000000;font-style:normal;} .chat.mine {background:rgba(0,0,0,0.05);margin-left:-8px;margin-right:-8px;padding-left:8px;padding-right:8px;} .spoiler {color:#BBBBBB;background:#BBBBBB;padding:0px 3px;} .spoiler:hover, .spoiler:active, .spoiler-shown {color:#000000;background:#E2E2E2;padding:0px 3px;} .spoiler a {color:#BBBBBB;} .spoiler:hover a, .spoiler:active a, .spoiler-shown a {color:#2288CC;} .chat code, .chat .spoiler:hover code, .chat .spoiler:active code, .chat .spoiler-shown code {border:1px solid #C0C0C0;background:#EEEEEE;color:black;padding:0 2px;} .chat .spoiler code {border:1px solid #CCCCCC;background:#CCCCCC;color:#CCCCCC;} .battle-log .rated {padding:3px 4px;} .battle-log .rated strong {color:white;background:#89A;padding:1px 4px;border-radius:4px;} .spacer {margin-top:0.5em;} .message-announce {background:#6688AA;color:white;padding:1px 4px 2px;} .message-announce a, .broadcast-green a, .broadcast-blue a, .broadcast-red a {color:#DDEEFF;} .broadcast-green {background-color:#559955;color:white;padding:2px 4px;} .broadcast-blue {background-color:#6688AA;color:white;padding:2px 4px;} .infobox {border:1px solid #6688AA;padding:2px 4px;} .infobox-limited {max-height:200px;overflow:auto;overflow-x:hidden;} .broadcast-red {background-color:#AA5544;color:white;padding:2px 4px;} .message-learn-canlearn {font-weight:bold;color:#228822;text-decoration:underline;} .message-learn-cannotlearn {font-weight:bold;color:#CC2222;text-decoration:underline;} .message-effect-weak {font-weight:bold;color:#CC2222;} .message-effect-resist {font-weight:bold;color:#6688AA;} .message-effect-immune {font-weight:bold;color:#666666;} .message-learn-list {margin-top:0;margin-bottom:0;} .message-throttle-notice, .message-error {color:#992222;} .message-overflow, .chat small.message-overflow {font-size:0pt;} .message-overflow::before {font-size:9pt;content:'...';} .subtle {color:#3A4A66;}
</style>
<div class="wrapper replay-wrapper" style="max-width:1180px;margin:0 auto">
<input type="hidden" name="replayid" value="smogtours-gen2ou-249678" />
<div class="battle"></div><div class="battle-log"></div><div class="replay-controls"></div><div class="replay-controls-2"></div>
<h1 style="font-weight:normal;text-align:center"><strong>[Gen 2] OU</strong><br /><a href="http://pokemonshowdown.com/users/mre" class="subtle" target="_blank">Mr.E</a> vs. <a href="http://pokemonshowdown.com/users/vilxd" class="subtle" target="_blank">VIL XD</a></h1>
<script type="text/plain" class="battle-log-data">|J|Mr.E
|J|VIL XD
|player|p1|Mr.E|160
|player|p2|VIL XD|265
|gametype|singles
|gen|2
|tier|[Gen 2] OU
|seed|45277,5107,33480,20814
|rule|Sleep Clause Mod: Limit one foe put to sleep
|rule|Species Clause: Limit one of each Pokémon
|rule|OHKO Clause: OHKO moves are banned
|rule|Evasion Moves Clause: Evasion moves are banned
|rule|HP Percentage Mod: HP is shown in percentages
|
|start
|switch|p1a: we RBY now|Jynx, F|333\/333
|switch|p2a: Cloyster|Cloyster, F|303\/303
|turn|1
|J|choolio iglesias
|J|kbfrq
|J|adjourney
|J|Lady Schala
|J|warm foothills
|J|rozes
|L|warm foothills
|raw|<div class="broadcast-red"><b>Moderated chat was set to @!<\/b><br \/>Only users of rank @ and higher can talk.<\/div>
|J|HC✈️_✈️
|J|Empo
|choice|move psychic|move spikes
|
|move|p1a: we RBY now|Psychic|p2a: Cloyster
|-damage|p2a: Cloyster|117\/303
|move|p2a: Cloyster|Spikes|p1a: we RBY now
|-sidestart|p1: Mr.E|Spikes
|
|-heal|p2a: Cloyster|135\/303|[from] item: Leftovers
|upkeep
|turn|2
|J|Level 51
|J|WhiteLion(-.-┌∩┐)
|J|mael ♥
|J|Peasounay
|J|CelesteelaVGC
|J|ChillShadow
|J|McMeghan
|choice|move lovelykiss|switch 6
|
|switch|p2a: Snorlax|Snorlax, M|523\/523
|move|p1a: we RBY now|Lovely Kiss|p2a: Snorlax
|-status|p2: Snorlax|slp
|
|upkeep
|turn|3
|J|Lacus Clyne
|J|LEIF ERIKS0N
|J|Esteemed User
|J|bro fist
|J|lt3 guesswho
|J|Pohjis
|J|iamgingy
|choice|switch 2|move doubleedge
|
|switch|p1a: Cloysex|Cloyster, M|303\/303
|-damage|p1a: Cloysex|266\/303|[from] Spikes
|cant|p2: Snorlax|slp
|
|-heal|p1a: Cloysex|284\/303|[from] item: Leftovers
|upkeep
|turn|4
|J|Nails ☎ ☎ ☎
|J|Karppi
|J|magsy☭
|J|Benbe
|J|Acacia
|J|kylecole
|choice|move spikes|switch 3
|
|switch|p2a: Misdreavus|Misdreavus, F|323\/323
|move|p1a: Cloysex|Spikes|p2a: Misdreavus
|-sidestart|p2: VIL XD|Spikes
|
|-heal|p1a: Cloysex|302\/303|[from] item: Leftovers
|upkeep
|turn|5
|J|Jimmy Turtwig
|choice|switch 4|move thunder
|
|switch|p1a: Sexlix|Steelix, M|353\/353
|-damage|p1a: Sexlix|309\/353|[from] Spikes
|move|p2a: Misdreavus|Thunder|p1a: Sexlix
|-immune|p1a: Sexlix|[msg]
|
|-heal|p1a: Sexlix|331\/353|[from] item: Leftovers
|upkeep
|turn|6
|J|ilovefurries777
|J|FLCL
|J|Cdumas
|J|OP
|J|ULT Highways
|J|tamahome
|choice|move roar|move hypnosis
|
|move|p2a: Misdreavus|Hypnosis|p1a: Sexlix|[miss]
|-miss|p2a: Misdreavus|p1a: Sexlix
|move|p1a: Sexlix|Roar|p2a: Misdreavus
|drag|p2a: Cloyster|Cloyster, F|135\/303
|-damage|p2a: Cloyster|98\/303|[from] Spikes
|
|-heal|p2a: Cloyster|116\/303|[from] item: Leftovers
|-heal|p1a: Sexlix|353\/353|[from] item: Leftovers
|upkeep
|turn|7
|J|dr. zeni$
|L|kbfrq
|J|Vileman
|J|blunderr
|choice|switch 6|move rapidspin
|
|switch|p1a: Sexgar|Gengar, M|323\/323
|-damage|p1a: Sexgar|283\/323|[from] Spikes
|move|p2a: Cloyster|Rapid Spin|p1a: Sexgar
|-immune|p1a: Sexgar|[msg]
|
|-heal|p1a: Sexgar|303\/323|[from] item: Leftovers
|-heal|p2a: Cloyster|134\/303|[from] item: Leftovers
|upkeep
|turn|8
|J|luckstard
|J|Ict
|J|ilovefurries777
|L|ilovefurries777
|J|Finchinator
|L|rozes
|J|rozes
|J|Alexander♚
|J|Ojama
|J|slurmz
|L|Alexander♚
|J|dekzeh
|J|SUPAHOTFIRA
|J|Alexander♚
|J|Zephir
|L|SUPAHOTFIRA
|J|Paycard ★
|J|Minority Suspect
|choice|move icepunch|switch 2
|
|switch|p2a: Piloswine|Piloswine, M|403\/403
|-damage|p2a: Piloswine|353\/403|[from] Spikes
|move|p1a: Sexgar|Ice Punch|p2a: Piloswine
|-damage|p2a: Piloswine|260\/403
|
|-heal|p1a: Sexgar|323\/323|[from] item: Leftovers
|-heal|p2a: Piloswine|285\/403|[from] item: Leftovers
|upkeep
|turn|9
|J|SUPAHOTFIRA
|J|kjhgfvcdfyu
|J|Mr.378
|J|Roundabout Zodiak
|L|Alexander♚
|L|ChillShadow
|J|Alexander♚
|choice|switch 4|switch 6
|
|switch|p1a: Cloysex|Cloyster, M|302\/303
|-damage|p1a: Cloysex|265\/303|[from] Spikes
|switch|p2a: Misdreavus|Misdreavus, F|323\/323
|-damage|p2a: Misdreavus|283\/323|[from] Spikes
|
|-heal|p2a: Misdreavus|303\/323|[from] item: Leftovers
|-heal|p1a: Cloysex|283\/303|[from] item: Leftovers
|upkeep
|turn|10
|L|rozes
|J|warm foothills
|choice|switch 3|switch 4
|
|switch|p2a: Suicune|Suicune|403\/403
|-damage|p2a: Suicune|353\/403|[from] Spikes
|switch|p1a: Sexdos|Zapdos|383\/383
|
|-heal|p2a: Suicune|378\/403|[from] item: Leftovers
|upkeep
|turn|11
|choice|move hiddenpower|switch 6
|
|switch|p2a: Piloswine|Piloswine, M|285\/403
|-damage|p2a: Piloswine|235\/403|[from] Spikes
|move|p1a: Sexdos|Hidden Power|p2a: Piloswine
|-damage|p2a: Piloswine|151\/403
|
|-heal|p2a: Piloswine|176\/403|[from] item: Leftovers
|upkeep
|turn|12
|J|Sken
|L|Minority Suspect
|J|Lohgock
|L|ULT Highways
|J|ChillShadow
|J|miltankmilk
|J|ULT SS AB
|choice|switch 2|move rest
|
|switch|p1a: we RBY now|Jynx, F|333\/333
|-damage|p1a: we RBY now|292\/333|[from] Spikes
|move|p2a: Piloswine|Rest|p2a: Piloswine
|-status|p2: Piloswine|slp
|-heal|p2a: Piloswine|403\/403 slp|[silent]
|-status|p2a: Piloswine|slp|[from] move: Rest
|
|-heal|p1a: we RBY now|312\/333|[from] item: Leftovers
|upkeep
|turn|13
|J|starlit sky
|J|liberty32
|J|itsnothaxaremaths
|J|klefkwi ~
|choice|move icebeam|move sleeptalk
|
|move|p1a: we RBY now|Ice Beam|p2a: Piloswine
|-crit|p2a: Piloswine
|-damage|p2a: Piloswine|55\/403 slp
|cant|p2: Piloswine|slp
|move|p2a: Piloswine|Sleep Talk|p2a: Piloswine
|move|p2a: Piloswine|Earthquake|p1a: we RBY now|[from]Sleep Talk
|-damage|p1a: we RBY now|115\/333
|
|-heal|p1a: we RBY now|135\/333|[from] item: Leftovers
|-heal|p2a: Piloswine|80\/403 slp|[from] item: Leftovers
|upkeep
|turn|14
|L|klefkwi ~
|L|ChillShadow
|J|ludicrousman
|L|Cdumas
|J|Cdumas
|J|Osgoode
|L|Osgoode
|L|Ojama
|J|Crystal_ rby
|J|Osgoode
|J|SOULWIND❄
|J|Bomber
|J|NEW ALT MY G
|J|Analytic
|J|ChazmicSupanova
|J|rozes
|c|@Esteemed User|is there a reason timer isn't on
|J|Strealet
|c|@Esteemed User|(you need a good one)
|L|Analytic
|c|@Esteemed User|excellent.
|J|ChillShadow
|J|marrano
|J|Analytic
|J|Cicada ★.
|choice|move psychic|switch 6
|
|switch|p2a: Suicune|Suicune|378\/403
|-damage|p2a: Suicune|328\/403|[from] Spikes
|move|p1a: we RBY now|Psychic|p2a: Suicune
|-damage|p2a: Suicune|216\/403
|
|-heal|p1a: we RBY now|155\/333|[from] item: Leftovers
|-heal|p2a: Suicune|241\/403|[from] item: Leftovers
|upkeep
|turn|15
|J|Past And Future
|L|ChillShadow
|choice|move psychic|move icebeam
|
|move|p1a: we RBY now|Psychic|p2a: Suicune
|-damage|p2a: Suicune|127\/403
|move|p2a: Suicune|Ice Beam|p1a: we RBY now
|-crit|p1a: we RBY now
|-resisted|p1a: we RBY now
|-damage|p1a: we RBY now|85\/333
|
|-heal|p1a: we RBY now|105\/333|[from] item: Leftovers
|-heal|p2a: Suicune|152\/403|[from] item: Leftovers
|upkeep
|turn|16
|J|Christo
|J|TDK
|J|w5reshi
|J|puta bulu
|J|Zaionar
|choice|move psychic|move rest
|
|move|p1a: we RBY now|Psychic|p2a: Suicune
|-damage|p2a: Suicune|51\/403
|move|p2a: Suicune|Rest|p2a: Suicune
|-status|p2: Suicune|slp
|-heal|p2a: Suicune|403\/403 slp|[silent]
|-status|p2a: Suicune|slp|[from] move: Rest
|
|-heal|p1a: we RBY now|125\/333|[from] item: Leftovers
|upkeep
|turn|17
|J|Ojama
|choice|move dreameater|move surf
|
|move|p1a: we RBY now|Dream Eater|p2a: Suicune
|-damage|p2a: Suicune|279\/403 slp
|-heal|p1a: we RBY now|187\/333|[from] drain|[of] p2a: Suicune
|cant|p2: Suicune|slp
|
|-heal|p1a: we RBY now|207\/333|[from] item: Leftovers
|-heal|p2a: Suicune|304\/403 slp|[from] item: Leftovers
|upkeep
|turn|18
|J|Advantage
|J|Reuptake
|choice|move psychic|switch 5
|
|switch|p2a: Skarmory|Skarmory, M|329\/329
|move|p1a: we RBY now|Psychic|p2a: Skarmory
|-resisted|p2a: Skarmory
|-damage|p2a: Skarmory|254\/329
|
|-heal|p1a: we RBY now|227\/333|[from] item: Leftovers
|-heal|p2a: Skarmory|274\/329|[from] item: Leftovers
|upkeep
|turn|19
|L|Analytic
|J|Analytic
|choice|switch 4|move drillpeck
|
|switch|p1a: Sexgar|Gengar, M|323\/323
|-damage|p1a: Sexgar|283\/323|[from] Spikes
|move|p2a: Skarmory|Drill Peck|p1a: Sexgar
|-damage|p1a: Sexgar|172\/323
|
|-heal|p1a: Sexgar|192\/323|[from] item: Leftovers
|-heal|p2a: Skarmory|294\/329|[from] item: Leftovers
|upkeep
|turn|20
|J|Anikill
|L|rozes
|J|rozes
|L|kylecole
|L|Advantage
|choice|move thunderbolt|move drillpeck
|
|move|p1a: Sexgar|Thunderbolt|p2a: Skarmory
|-supereffective|p2a: Skarmory
|-damage|p2a: Skarmory|52\/329
|move|p2a: Skarmory|Drill Peck|p1a: Sexgar
|-damage|p1a: Sexgar|82\/323
|
|-heal|p1a: Sexgar|102\/323|[from] item: Leftovers
|-heal|p2a: Skarmory|72\/329|[from] item: Leftovers
|upkeep
|turn|21
|L|rozes
|L|Crystal_ rby
|J|fgjtdzncz
|choice|move icepunch|switch 3
|
|switch|p2a: Snorlax|Snorlax, M|523\/523 slp
|-damage|p2a: Snorlax|458\/523 slp|[from] Spikes
|move|p1a: Sexgar|Ice Punch|p2a: Snorlax
|-damage|p2a: Snorlax|397\/523 slp
|
|-heal|p1a: Sexgar|122\/323|[from] item: Leftovers
|-heal|p2a: Snorlax|429\/523 slp|[from] item: Leftovers
|upkeep
|turn|22
|J|Minority Suspect
|J|rozes
|J|ULT Snacyl
|L|fgjtdzncz
|choice|move dynamicpunch|move thunder
|
|move|p1a: Sexgar|Dynamic Punch|p2a: Snorlax
|-supereffective|p2a: Snorlax
|-damage|p2a: Snorlax|282\/523 slp
|-start|p2a: Snorlax|confusion
|cant|p2: Snorlax|slp
|
|-heal|p1a: Sexgar|142\/323|[from] item: Leftovers
|-heal|p2a: Snorlax|314\/523 slp|[from] item: Leftovers
|upkeep
|turn|23
|choice|move thunderbolt|move rest
|
|move|p1a: Sexgar|Thunderbolt|p2a: Snorlax
|-damage|p2a: Snorlax|227\/523 slp
|cant|p2: Snorlax|slp
|
|-heal|p1a: Sexgar|162\/323|[from] item: Leftovers
|-heal|p2a: Snorlax|259\/523 slp|[from] item: Leftovers
|upkeep
|turn|24
|J|Advantage
|choice|move thunderbolt|move rest
|
|move|p1a: Sexgar|Thunderbolt|p2a: Snorlax
|-damage|p2a: Snorlax|170\/523 slp
|cant|p2: Snorlax|slp
|
|-heal|p1a: Sexgar|182\/323|[from] item: Leftovers
|-heal|p2a: Snorlax|202\/523 slp|[from] item: Leftovers
|upkeep
|turn|25
|L|SUPAHOTFIRA
|choice|move thunderbolt|move rest
|
|move|p1a: Sexgar|Thunderbolt|p2a: Snorlax
|-damage|p2a: Snorlax|117\/523 slp
|-curestatus|p2a: Snorlax|slp|[msg]
|-activate|p2a: Snorlax|confusion
|move|p2a: Snorlax|Rest|p2a: Snorlax
|-status|p2: Snorlax|slp
|-heal|p2a: Snorlax|523\/523 slp|[silent]
|-status|p2a: Snorlax|slp|[from] move: Rest
|
|-heal|p1a: Sexgar|202\/323|[from] item: Leftovers
|upkeep
|turn|26
|J|finally
|L|finally
|choice|switch 3|move thunder
|
|switch|p1a: Cloysex|Cloyster, M|283\/303
|-damage|p1a: Cloysex|246\/303|[from] Spikes
|cant|p2: Snorlax|slp
|
|-heal|p1a: Cloysex|264\/303|[from] item: Leftovers
|upkeep
|turn|27
|J|finally
|J|Obliviate
|L|rozes
|L|blunderr
|choice|move clamp|move thunder
|
|move|p1a: Cloysex|Clamp|p2a: Snorlax
|-damage|p2a: Snorlax|490\/523 slp
|-activate|p2a: Snorlax|move: Clamp|[of] p1a: Cloysex
|cant|p2: Snorlax|slp
|
|-heal|p1a: Cloysex|282\/303|[from] item: Leftovers
|-heal|p2a: Snorlax|522\/523 slp|[from] item: Leftovers
|-damage|p2a: Snorlax|490\/523 slp|[from] move: Clamp|[partiallytrapped]
|upkeep
|turn|28
|choice|move explosion|move thunder
|
|move|p1a: Cloysex|Explosion|p2a: Snorlax
|-damage|p2a: Snorlax|0 fnt
|faint|p2a: Snorlax
|faint|p1a: Cloysex
|J|rozes
|J|c@ts on mars
|choice|switch 2|switch 4
|
|switch|p1a: Sexdos|Zapdos|383\/383
|switch|p2a: Misdreavus|Misdreavus, F|303\/323
|-damage|p2a: Misdreavus|263\/323|[from] Spikes
|
|-heal|p2a: Misdreavus|283\/323|[from] item: Leftovers
|upkeep
|turn|29
|J|starmaster
|L|c@ts on mars
|J|kratosmana
|J|MajorBowman
|J|Arcticblast
|J|Foggi キング
|choice|move thunder|move hypnosis
|
|move|p1a: Sexdos|Thunder|p2a: Misdreavus|[miss]
|-miss|p1a: Sexdos|p2a: Misdreavus
|move|p2a: Misdreavus|Hypnosis|p1a: Sexdos
|-status|p1: Sexdos|slp
|
|-heal|p2a: Misdreavus|303\/323|[from] item: Leftovers
|upkeep
|turn|30
|J|meatdealer
|choice|move sleeptalk|switch 2
|
|switch|p2a: Cloyster|Cloyster, F|134\/303
|-damage|p2a: Cloyster|97\/303|[from] Spikes
|cant|p1: Sexdos|slp
|move|p1a: Sexdos|Sleep Talk|p1a: Sexdos
|move|p1a: Sexdos|Hidden Power|p2a: Cloyster|[from]Sleep Talk
|-resisted|p2a: Cloyster
|-damage|p2a: Cloyster|72\/303
|
|-heal|p2a: Cloyster|90\/303|[from] item: Leftovers
|upkeep
|turn|31
|choice|switch 3|move surf
|
|switch|p1a: Sexgar|Gengar, M|202\/323
|-damage|p1a: Sexgar|162\/323|[from] Spikes
|move|p2a: Cloyster|Surf|p1a: Sexgar
|-damage|p1a: Sexgar|49\/323
|
|-heal|p1a: Sexgar|69\/323|[from] item: Leftovers
|-heal|p2a: Cloyster|108\/303|[from] item: Leftovers
|upkeep
|turn|32
|L|Benbe
|choice|move thunderbolt|switch 2
|
|switch|p2a: Misdreavus|Misdreavus, F|303\/323
|-damage|p2a: Misdreavus|263\/323|[from] Spikes
|move|p1a: Sexgar|Thunderbolt|p2a: Misdreavus
|-damage|p2a: Misdreavus|161\/323
|
|-heal|p1a: Sexgar|89\/323|[from] item: Leftovers
|-heal|p2a: Misdreavus|181\/323|[from] item: Leftovers
|upkeep
|turn|33
|L|Arcticblast
|J|Arcticblast
|L|Foggi キング
|choice|switch 6|switch 2
|
|switch|p1a: Sexlix|Steelix, M|353\/353
|-damage|p1a: Sexlix|309\/353|[from] Spikes
|switch|p2a: Cloyster|Cloyster, F|108\/303
|-damage|p2a: Cloyster|71\/303|[from] Spikes
|
|-heal|p2a: Cloyster|89\/303|[from] item: Leftovers
|-heal|p1a: Sexlix|331\/353|[from] item: Leftovers
|upkeep
|turn|34
|L|MajorBowman
|choice|switch 4|move rapidspin
|
|switch|p1a: we RBY now|Jynx, F|227\/333
|-damage|p1a: we RBY now|186\/333|[from] Spikes
|move|p2a: Cloyster|Rapid Spin|p1a: we RBY now
|-damage|p1a: we RBY now|161\/333
|-sideend|p2: VIL XD|Spikes|[from] move: Rapid Spin|[of] p2a: Cloyster
|
|-heal|p1a: we RBY now|181\/333|[from] item: Leftovers
|-heal|p2a: Cloyster|107\/303|[from] item: Leftovers
|upkeep
|turn|35
|J|prajpran@#&
|J|richhandsomesmart
|J|stay w0ke
|L|Analytic
|J|light the world up
|L|starmaster
|J|Asim12@
|J|starmaster
|J|kakui looey
|choice|move psychic|move surf
|
|move|p1a: we RBY now|Psychic|p2a: Cloyster
|-damage|p2a: Cloyster|0 fnt
|faint|p2a: Cloyster
|choice||switch 5
|
|switch|p2a: Suicune|Suicune|304\/403 slp
|
|-heal|p1a: we RBY now|201\/333|[from] item: Leftovers
|-heal|p2a: Suicune|329\/403 slp|[from] item: Leftovers
|upkeep
|turn|36
|choice|move dreameater|move surf
|
|move|p1a: we RBY now|Dream Eater|p2a: Suicune
|-damage|p2a: Suicune|206\/403 slp
|-heal|p1a: we RBY now|263\/333|[from] drain|[of] p2a: Suicune
|cant|p2: Suicune|slp
|
|-heal|p1a: we RBY now|283\/333|[from] item: Leftovers
|-heal|p2a: Suicune|231\/403 slp|[from] item: Leftovers
|upkeep
|turn|37
|choice|move psychic|move roar
|
|move|p1a: we RBY now|Psychic|p2a: Suicune
|-damage|p2a: Suicune|134\/403 slp
|-curestatus|p2a: Suicune|slp|[msg]
|move|p2a: Suicune|Roar|p1a: we RBY now
|drag|p1a: Sexlix|Steelix, M|331\/353
|-damage|p1a: Sexlix|287\/353|[from] Spikes
|
|-heal|p2a: Suicune|159\/403|[from] item: Leftovers
|-heal|p1a: Sexlix|309\/353|[from] item: Leftovers
|upkeep
|turn|38
|choice|move roar|switch 3
|
|switch|p2a: Skarmory|Skarmory, M|72\/329
|move|p1a: Sexlix|Roar|p2a: Skarmory
|drag|p2a: Suicune|Suicune|159\/403
|
|-heal|p2a: Suicune|184\/403|[from] item: Leftovers
|-heal|p1a: Sexlix|331\/353|[from] item: Leftovers
|upkeep
|turn|39
|choice|switch 4|switch 3
|
|switch|p2a: Skarmory|Skarmory, M|72\/329
|switch|p1a: we RBY now|Jynx, F|283\/333
|-damage|p1a: we RBY now|242\/333|[from] Spikes
|
|-heal|p1a: we RBY now|262\/333|[from] item: Leftovers
|-heal|p2a: Skarmory|92\/329|[from] item: Leftovers
|upkeep
|turn|40
|L|Minority Suspect
|choice|move icebeam|switch 3
|
|switch|p2a: Suicune|Suicune|184\/403
|move|p1a: we RBY now|Ice Beam|p2a: Suicune
|-resisted|p2a: Suicune
|-damage|p2a: Suicune|128\/403
|-status|p2a: Suicune|frz
|
|-heal|p1a: we RBY now|282\/333|[from] item: Leftovers
|-heal|p2a: Suicune|153\/403 frz|[from] item: Leftovers
|upkeep
|turn|41
|choice|move psychic|move rest
|
|move|p1a: we RBY now|Psychic|p2a: Suicune
|-damage|p2a: Suicune|52\/403 frz
|cant|p2a: Suicune|frz
|
|-heal|p1a: we RBY now|302\/333|[from] item: Leftovers
|-heal|p2a: Suicune|77\/403 frz|[from] item: Leftovers
|upkeep
|turn|42
|choice|move psychic|move rest
|
|move|p1a: we RBY now|Psychic|p2a: Suicune
|-damage|p2a: Suicune|0 fnt
|faint|p2a: Suicune
|L|TDK
|choice||switch 2
|
|switch|p2a: Misdreavus|Misdreavus, F|181\/323
|
|-heal|p1a: we RBY now|322\/333|[from] item: Leftovers
|-heal|p2a: Misdreavus|201\/323|[from] item: Leftovers
|upkeep
|turn|43
|J|TDK
|L|TDK
|choice|move lovelykiss|move thunder
|
|move|p1a: we RBY now|Lovely Kiss|p2a: Misdreavus|[miss]
|-miss|p1a: we RBY now|p2a: Misdreavus
|move|p2a: Misdreavus|Thunder|p1a: we RBY now
|-damage|p1a: we RBY now|229\/333
|
|-heal|p1a: we RBY now|249\/333|[from] item: Leftovers
|-heal|p2a: Misdreavus|221\/323|[from] item: Leftovers
|upkeep
|turn|44
|choice|move icebeam|move thunder
|
|move|p1a: we RBY now|Ice Beam|p2a: Misdreavus
|-damage|p2a: Misdreavus|86\/323
|move|p2a: Misdreavus|Thunder|p1a: we RBY now
|-damage|p1a: we RBY now|165\/333
|
|-heal|p1a: we RBY now|185\/333|[from] item: Leftovers
|-heal|p2a: Misdreavus|106\/323|[from] item: Leftovers
|upkeep
|turn|45
|c|★VIL XD|gg
|c|★Mr.E|gg
|-message|VIL XD forfeited.
|
|win|Mr.E</script>
</div>
<div class="battle-log battle-log-inline"><div class="inner"><div class="battle-options"></div><div class="inner"><div class=""><small>Format:</small> <br><strong>[Gen 2] OU</strong></div><div class=""><small><em>Sleep Clause Mod:</em> Limit one foe put to sleep</small></div><div class=""><small><em>Species Clause:</em> Limit one of each Pokémon</small></div><div class=""><small><em>OHKO Clause:</em> OHKO moves are banned</small></div><div class=""><small><em>Evasion Moves Clause:</em> Evasion moves are banned</small></div><div class=""><small><em>HP Percentage Mod:</em> HP is shown in percentages</small></div><div class="spacer battle-history"><br></div><div class="battle-history">Battle started between Mr.E and VIL XD!<br></div><div class="spacer battle-history"><br></div><div class="battle-history">Go! we RBY now (<strong>Jynx</strong>)!<br></div><div class="spacer battle-history"><br></div><div class="battle-history">VIL XD sent out <strong>Cloyster</strong>!<br></div><div class="spacer battle-history"><br></div><h2 class="battle-history">Turn 1</h2><div class="chat"><div class="broadcast-red"><b>Moderated chat was set to @!</b><br>Only users of rank @ and higher can talk.</div></div><div class="spacer battle-history"><br></div><div class="battle-history">we RBY now used <strong>Psychic</strong>!<br></div><div class="battle-history"><small>(The opposing Cloyster lost <abbr title="−186/303">61.4%</abbr> of its health!)</small><br></div><div class="spacer battle-history"><br></div><div class="battle-history">The opposing Cloyster used <strong>Spikes</strong>!<br></div><div class="battle-history"><small>Spikes were scattered on the ground all around your team!</small><br></div><div class="spacer battle-history"><br></div><div class="battle-history"><small>The opposing Cloyster restored a little HP using its Leftovers!</small><br></div><div class="spacer battle-history"><br></div><h2 class="battle-history">Turn 2</h2><div class="spacer battle-history"><br></div><div class="battle-history">VIL XD withdrew Cloyster!<br></div><div class="battle-history">VIL XD sent out <strong>Snorlax</strong>!<br></div><div class="spacer battle-history"><br></div><div class="battle-history">we RBY now used <strong>Lovely Kiss</strong>!<br></div><div class="battle-history"><small>The opposing Snorlax fell asleep!</small><br></div><div class="spacer battle-history"><br></div><h2 class="battle-history">Turn 3</h2><div class="spacer battle-history"><br></div><div class="battle-history">we RBY now, come back!<br></div><div class="battle-history">Go! Cloysex (<strong>Cloyster</strong>)!<br></div><div class="battle-history"><small>Cloysex was hurt by the spikes!</small><br></div><div class="spacer battle-history"><br></div><div class="battle-history">The opposing Snorlax is fast asleep.<br></div><div class="spacer battle-history"><br></div><div class="battle-history"><small>Cloysex restored a little HP using its Leftovers!</small><br></div><div class="spacer battle-history"><br></div><h2 class="battle-history">Turn 4</h2><div class="spacer battle-history"><br></div><div class="battle-history">VIL XD withdrew Snorlax!<br></div><div class="battle-history">VIL XD sent out <strong>Misdreavus</strong>!<br></div><div class="spacer battle-history"><br></div><div class="battle-history">Cloysex used <strong>Spikes</strong>!<br></div><div class="battle-history"><small>Spikes were scattered on the ground all around the opposing team!</small><br></div><div class="spacer battle-history"><br></div><div class="battle-history"><small>Cloysex restored a little HP using its Leftovers!</small><br></div><div class="spacer battle-history"><br></div><h2 class="battle-history">Turn 5</h2><div class="spacer battle-history"><br></div><div class="battle-history">Cloysex, come back!<br></div><div class="battle-history">Go! Sexlix (<strong>Steelix</strong>)!<br></div><div class="battle-history"><small>Sexlix was hurt by the spikes!</small><br></div><div class="spacer battle-history"><br></div><div class="battle-history">The opposing Misdreavus used <strong>Thunder</strong>!<br></div><div class="battle-history"><small>It doesn't affect Sexlix...</small><br></div><div class="spacer battle-history"><br></div><div class="battle-history"><small>Sexlix restored a little HP using its Leftovers!</small><br></div><div class="spacer battle-history"><br></div><h2 class="battle-history">Turn 6</h2><div class="spacer battle-history"><br></div><div class="battle-history">The opposing Misdreavus used <strong>Hypnosis</strong>!<br></div><div class="battle-history"><small>Sexlix avoided the attack!</small><br></div><div class="spacer battle-history"><br></div><div class="battle-history">Sexlix used <strong>Roar</strong>!<br></div><div class="spacer battle-history"><br></div><div class="battle-history"><strong>Cloyster</strong> was dragged out!<br></div><div class="battle-history"><small>The opposing Cloyster was hurt by the spikes!</small><br></div><div class="spacer battle-history"><br></div><div class="battle-history"><small>The opposing Cloyster restored a little HP using its Leftovers!</small><br></div><div class="battle-history"><small>Sexlix restored a little HP using its Leftovers!</small><br></div><div class="spacer battle-history"><br></div><h2 class="battle-history">Turn 7</h2><div class="spacer battle-history"><br></div><div class="battle-history">Sexlix, come back!<br></div><div class="battle-history">Go! Sexgar (<strong>Gengar</strong>)!<br></div><div class="battle-history"><small>Sexgar was hurt by the spikes!</small><br></div><div class="spacer battle-history"><br></div><div class="battle-history">The opposing Cloyster used <strong>Rapid Spin</strong>!<br></div><div class="battle-history"><small>It doesn't affect Sexgar...</small><br></div><div class="spacer battle-history"><br></div><div class="battle-history"><small>Sexgar restored a little HP using its Leftovers!</small><br></div><div class="battle-history"><small>The opposing Cloyster restored a little HP using its Leftovers!</small><br></div><div class="spacer battle-history"><br></div><h2 class="battle-history">Turn 8</h2><div class="spacer battle-history"><br></div><div class="battle-history">VIL XD withdrew Cloyster!<br></div><div class="battle-history">VIL XD sent out <strong>Piloswine</strong>!<br></div><div class="battle-history"><small>The opposing Piloswine was hurt by the spikes!</small><br></div><div class="spacer battle-history"><br></div><div class="battle-history">Sexgar used <strong>Ice Punch</strong>!<br></div><div class="battle-history"><small>(The opposing Piloswine lost <abbr title="−93/403">23.1%</abbr> of its health!)</small><br></div><div class="spacer battle-history"><br></div><div class="battle-history"><small>Sexgar restored a little HP using its Leftovers!</small><br></div><div class="battle-history"><small>The opposing Piloswine restored a little HP using its Leftovers!</small><br></div><div class="spacer battle-history"><br></div><h2 class="battle-history">Turn 9</h2><div class="spacer battle-history"><br></div><div class="battle-history">Sexgar, come back!<br></div><div class="battle-history">Go! Cloysex (<strong>Cloyster</strong>)!<br></div><div class="battle-history"><small>Cloysex was hurt by the spikes!</small><br></div><div class="spacer battle-history"><br></div><div class="battle-history">VIL XD withdrew Piloswine!<br></div><div class="battle-history">VIL XD sent out <strong>Misdreavus</strong>!<br></div><div class="battle-history"><small>The opposing Misdreavus was hurt by the spikes!</small><br></div><div class="spacer battle-history"><br></div><div class="battle-history"><small>The opposing Misdreavus restored a little HP using its Leftovers!</small><br></div><div class="battle-history"><small>Cloysex restored a little HP using its Leftovers!</small><br></div><div class="spacer battle-history"><br></div><h2 class="battle-history">Turn 10</h2><div class="spacer battle-history"><br></div><div class="battle-history">VIL XD withdrew Misdreavus!<br></div><div class="battle-history">VIL XD sent out <strong>Suicune</strong>!<br></div><div class="battle-history"><small>The opposing Suicune was hurt by the spikes!</small><br></div><div class="spacer battle-history"><br></div><div class="battle-history">Cloysex, come back!<br></div><div class="battle-history">Go! Sexdos (<strong>Zapdos</strong>)!<br></div><div class="spacer battle-history"><br></div><div class="battle-history"><small>The opposing Suicune restored a little HP using its Leftovers!</small><br></div><div class="spacer battle-history"><br></div><h2 class="battle-history">Turn 11</h2><div class="spacer battle-history"><br></div><div class="battle-history">VIL XD withdrew Suicune!<br></div><div class="battle-history">VIL XD sent out <strong>Piloswine</strong>!<br></div><div class="battle-history"><small>The opposing Piloswine was hurt by the spikes!</small><br></div><div class="spacer battle-history"><br></div><div class="battle-history">Sexdos used <strong>Hidden Power</strong>!<br></div><div class="battle-history"><small>(The opposing Piloswine lost <abbr title="−84/403">20.8%</abbr> of its health!)</small><br></div><div class="spacer battle-history"><br></div><div class="battle-history"><small>The opposing Piloswine restored a little HP using its Leftovers!</small><br></div><div class="spacer battle-history"><br></div><h2 class="battle-history">Turn 12</h2><div class="spacer battle-history"><br></div><div class="battle-history">Sexdos, come back!<br></div><div class="battle-history">Go! we RBY now (<strong>Jynx</strong>)!<br></div><div class="battle-history"><small>we RBY now was hurt by the spikes!</small><br></div><div class="spacer battle-history"><br></div><div class="battle-history">The opposing Piloswine used <strong>Rest</strong>!<br></div><div class="battle-history"><small>The opposing Piloswine fell asleep!</small><br></div><div class="battle-history"><small>The opposing Piloswine slept and became healthy!</small><br></div><div class="spacer battle-history"><br></div><div class="battle-history"><small>we RBY now restored a little HP using its Leftovers!</small><br></div><div class="spacer battle-history"><br></div><h2 class="battle-history">Turn 13</h2><div class="spacer battle-history"><br></div><div class="battle-history">we RBY now used <strong>Ice Beam</strong>!<br></div><div class="battle-history"><small>A critical hit!</small><br></div><div class="battle-history"><small>(The opposing Piloswine lost <abbr title="−348/403">86.4%</abbr> of its health!)</small><br></div><div class="spacer battle-history"><br></div><div class="battle-history">The opposing Piloswine is fast asleep.<br></div><div class="spacer battle-history"><br></div><div class="battle-history">The opposing Piloswine used <strong>Sleep Talk</strong>!<br></div><div class="spacer battle-history"><br></div><div class="battle-history">The opposing Piloswine used <strong>Earthquake</strong>!<br></div><div class="battle-history"><small>(we RBY now lost <abbr title="−197/333">59.2%</abbr> of its health!)</small><br></div><div class="spacer battle-history"><br></div><div class="battle-history"><small>we RBY now restored a little HP using its Leftovers!</small><br></div><div class="battle-history"><small>The opposing Piloswine restored a little HP using its Leftovers!</small><br></div><div class="spacer battle-history"><br></div><h2 class="battle-history">Turn 14</h2><div class="chat chatmessage-esteemeduser"><strong style="color:#1081ea"><small>@</small><span class="username" data-name="Esteemed User">Esteemed User</span>:</strong> <em>is there a reason timer isn't on</em></div><div class="chat chatmessage-esteemeduser"><strong style="color:#1081ea"><small>@</small><span class="username" data-name="Esteemed User">Esteemed User</span>:</strong> <em>(you need a good one)</em></div><div class="chat chatmessage-esteemeduser"><strong style="color:#1081ea"><small>@</small><span class="username" data-name="Esteemed User">Esteemed User</span>:</strong> <em>excellent.</em></div><div class="spacer battle-history"><br></div><div class="battle-history">VIL XD withdrew Piloswine!<br></div><div class="battle-history">VIL XD sent out <strong>Suicune</strong>!<br></div><div class="battle-history"><small>The opposing Suicune was hurt by the spikes!</small><br></div><div class="spacer battle-history"><br></div><div class="battle-history">we RBY now used <strong>Psychic</strong>!<br></div><div class="battle-history"><small>(The opposing Suicune lost <abbr title="−112/403">27.8%</abbr> of its health!)</small><br></div><div class="spacer battle-history"><br></div><div class="battle-history"><small>we RBY now restored a little HP using its Leftovers!</small><br></div><div class="battle-history"><small>The opposing Suicune restored a little HP using its Leftovers!</small><br></div><div class="spacer battle-history"><br></div><h2 class="battle-history">Turn 15</h2><div class="spacer battle-history"><br></div><div class="battle-history">we RBY now used <strong>Psychic</strong>!<br></div><div class="battle-history"><small>(The opposing Suicune lost <abbr title="−114/403">28.3%</abbr> of its health!)</small><br></div><div class="spacer battle-history"><br></div><div class="battle-history">The opposing Suicune used <strong>Ice Beam</strong>!<br></div><div class="battle-history"><small>A critical hit!</small><br></div><div class="battle-history"><small>It's not very effective...</small><br></div><div class="battle-history"><small>(we RBY now lost <abbr title="−70/333">21.0%</abbr> of its health!)</small><br></div><div class="spacer battle-history"><br></div><div class="battle-history"><small>we RBY now restored a little HP using its Leftovers!</small><br></div><div class="battle-history"><small>The opposing Suicune restored a little HP using its Leftovers!</small><br></div><div class="spacer battle-history"><br></div><h2 class="battle-history">Turn 16</h2><div class="spacer battle-history"><br></div><div class="battle-history">we RBY now used <strong>Psychic</strong>!<br></div><div class="battle-history"><small>(The opposing Suicune lost <abbr title="−101/403">25.1%</abbr> of its health!)</small><br></div><div class="spacer battle-history"><br></div><div class="battle-history">The opposing Suicune used <strong>Rest</strong>!<br></div><div class="battle-history"><small>The opposing Suicune fell asleep!</small><br></div><div class="battle-history"><small>The opposing Suicune slept and became healthy!</small><br></div><div class="spacer battle-history"><br></div><div class="battle-history"><small>we RBY now restored a little HP using its Leftovers!</small><br></div><div class="spacer battle-history"><br></div><h2 class="battle-history">Turn 17</h2><div class="spacer battle-history"><br></div><div class="battle-history">we RBY now used <strong>Dream Eater</strong>!<br></div><div class="battle-history"><small>(The opposing Suicune lost <abbr title="−124/403">30.8%</abbr> of its health!)</small><br></div><div class="battle-history"><small>The opposing Suicune had its energy drained!</small><br></div><div class="spacer battle-history"><br></div><div class="battle-history">The opposing Suicune is fast asleep.<br></div><div class="spacer battle-history"><br></div><div class="battle-history"><small>we RBY now restored a little HP using its Leftovers!</small><br></div><div class="battle-history"><small>The opposing Suicune restored a little HP using its Leftovers!</small><br></div><div class="spacer battle-history"><br></div><h2 class="battle-history">Turn 18</h2><div class="spacer battle-history"><br></div><div class="battle-history">VIL XD withdrew Suicune!<br></div><div class="battle-history">VIL XD sent out <strong>Skarmory</strong>!<br></div><div class="spacer battle-history"><br></div><div class="battle-history">we RBY now used <strong>Psychic</strong>!<br></div><div class="battle-history"><small>It's not very effective...</small><br></div><div class="battle-history"><small>(The opposing Skarmory lost <abbr title="−75/329">22.8%</abbr> of its health!)</small><br></div><div class="spacer battle-history"><br></div><div class="battle-history"><small>we RBY now restored a little HP using its Leftovers!</small><br></div><div class="battle-history"><small>The opposing Skarmory restored a little HP using its Leftovers!</small><br></div><div class="spacer battle-history"><br></div><h2 class="battle-history">Turn 19</h2><div class="spacer battle-history"><br></div><div class="battle-history">we RBY now, come back!<br></div><div class="battle-history">Go! Sexgar (<strong>Gengar</strong>)!<br></div><div class="battle-history"><small>Sexgar was hurt by the spikes!</small><br></div><div class="spacer battle-history"><br></div><div class="battle-history">The opposing Skarmory used <strong>Drill Peck</strong>!<br></div><div class="battle-history"><small>(Sexgar lost <abbr title="−111/323">34.4%</abbr> of its health!)</small><br></div><div class="spacer battle-history"><br></div><div class="battle-history"><small>Sexgar restored a little HP using its Leftovers!</small><br></div><div class="battle-history"><small>The opposing Skarmory restored a little HP using its Leftovers!</small><br></div><div class="spacer battle-history"><br></div><h2 class="battle-history">Turn 20</h2><div class="spacer battle-history"><br></div><div class="battle-history">Sexgar used <strong>Thunderbolt</strong>!<br></div><div class="battle-history"><small>It's super effective!</small><br></div><div class="battle-history"><small>(The opposing Skarmory lost <abbr title="−242/329">73.6%</abbr> of its health!)</small><br></div><div class="spacer battle-history"><br></div><div class="battle-history">The opposing Skarmory used <strong>Drill Peck</strong>!<br></div><div class="battle-history"><small>(Sexgar lost <abbr title="−110/323">34.1%</abbr> of its health!)</small><br></div><div class="spacer battle-history"><br></div><div class="battle-history"><small>Sexgar restored a little HP using its Leftovers!</small><br></div><div class="battle-history"><small>The opposing Skarmory restored a little HP using its Leftovers!</small><br></div><div class="spacer battle-history"><br></div><h2 class="battle-history">Turn 21</h2><div class="spacer battle-history"><br></div><div class="battle-history">VIL XD withdrew Skarmory!<br></div><div class="battle-history">VIL XD sent out <strong>Snorlax</strong>!<br></div><div class="battle-history"><small>The opposing Snorlax was hurt by the spikes!</small><br></div><div class="spacer battle-history"><br></div><div class="battle-history">Sexgar used <strong>Ice Punch</strong>!<br></div><div class="battle-history"><small>(The opposing Snorlax lost <abbr title="−61/523">11.7%</abbr> of its health!)</small><br></div><div class="spacer battle-history"><br></div><div class="battle-history"><small>Sexgar restored a little HP using its Leftovers!</small><br></div><div class="battle-history"><small>The opposing Snorlax restored a little HP using its Leftovers!</small><br></div><div class="spacer battle-history"><br></div><h2 class="battle-history">Turn 22</h2><div class="spacer battle-history"><br></div><div class="battle-history">Sexgar used <strong>Dynamic Punch</strong>!<br></div><div class="battle-history"><small>It's super effective!</small><br></div><div class="battle-history"><small>(The opposing Snorlax lost <abbr title="−147/523">28.1%</abbr> of its health!)</small><br></div><div class="battle-history"><small>The opposing Snorlax became confused!</small><br></div><div class="spacer battle-history"><br></div><div class="battle-history">The opposing Snorlax is fast asleep.<br></div><div class="spacer battle-history"><br></div><div class="battle-history"><small>Sexgar restored a little HP using its Leftovers!</small><br></div><div class="battle-history"><small>The opposing Snorlax restored a little HP using its Leftovers!</small><br></div><div class="spacer battle-history"><br></div><h2 class="battle-history">Turn 23</h2><div class="spacer battle-history"><br></div><div class="battle-history">Sexgar used <strong>Thunderbolt</strong>!<br></div><div class="battle-history"><small>(The opposing Snorlax lost <abbr title="−87/523">16.6%</abbr> of its health!)</small><br></div><div class="spacer battle-history"><br></div><div class="battle-history">The opposing Snorlax is fast asleep.<br></div><div class="spacer battle-history"><br></div><div class="battle-history"><small>Sexgar restored a little HP using its Leftovers!</small><br></div><div class="battle-history"><small>The opposing Snorlax restored a little HP using its Leftovers!</small><br></div><div class="spacer battle-history"><br></div><h2 class="battle-history">Turn 24</h2><div class="spacer battle-history"><br></div><div class="battle-history">Sexgar used <strong>Thunderbolt</strong>!<br></div><div class="battle-history"><small>(The opposing Snorlax lost <abbr title="−89/523">17.0%</abbr> of its health!)</small><br></div><div class="spacer battle-history"><br></div><div class="battle-history">The opposing Snorlax is fast asleep.<br></div><div class="spacer battle-history"><br></div><div class="battle-history"><small>Sexgar restored a little HP using its Leftovers!</small><br></div><div class="battle-history"><small>The opposing Snorlax restored a little HP using its Leftovers!</small><br></div><div class="spacer battle-history"><br></div><h2 class="battle-history">Turn 25</h2><div class="spacer battle-history"><br></div><div class="battle-history">Sexgar used <strong>Thunderbolt</strong>!<br></div><div class="battle-history"><small>(The opposing Snorlax lost <abbr title="−85/523">16.3%</abbr> of its health!)</small><br></div><div class="battle-history"><small>The opposing Snorlax woke up!</small><br></div><div class="spacer battle-history"><br></div><div class="battle-history"><small>The opposing Snorlax is confused!</small><br></div><div class="battle-history">The opposing Snorlax used <strong>Rest</strong>!<br></div><div class="battle-history"><small>The opposing Snorlax fell asleep!</small><br></div><div class="battle-history"><small>The opposing Snorlax slept and became healthy!</small><br></div><div class="spacer battle-history"><br></div><div class="battle-history"><small>Sexgar restored a little HP using its Leftovers!</small><br></div><div class="spacer battle-history"><br></div><h2 class="battle-history">Turn 26</h2><div class="spacer battle-history"><br></div><div class="battle-history">Sexgar, come back!<br></div><div class="battle-history">Go! Cloysex (<strong>Cloyster</strong>)!<br></div><div class="battle-history"><small>Cloysex was hurt by the spikes!</small><br></div><div class="spacer battle-history"><br></div><div class="battle-history">The opposing Snorlax is fast asleep.<br></div><div class="spacer battle-history"><br></div><div class="battle-history"><small>Cloysex restored a little HP using its Leftovers!</small><br></div><div class="spacer battle-history"><br></div><h2 class="battle-history">Turn 27</h2><div class="spacer battle-history"><br></div><div class="battle-history">Cloysex used <strong>Clamp</strong>!<br></div><div class="battle-history"><small>(The opposing Snorlax lost <abbr title="−33/523">6.3%</abbr> of its health!)</small><br></div><div class="battle-history"><small>Cloysex clamped down on the opposing Snorlax!</small><br></div><div class="spacer battle-history"><br></div><div class="battle-history">The opposing Snorlax is fast asleep.<br></div><div class="spacer battle-history"><br></div><div class="battle-history"><small>Cloysex restored a little HP using its Leftovers!</small><br></div><div class="battle-history"><small>The opposing Snorlax restored a little HP using its Leftovers!</small><br></div><div class="battle-history"><small>The opposing Snorlax is hurt by Clamp!</small><br></div><div class="spacer battle-history"><br></div><h2 class="battle-history">Turn 28</h2><div class="spacer battle-history"><br></div><div class="battle-history">Cloysex used <strong>Explosion</strong>!<br></div><div class="battle-history"><small>(The opposing Snorlax lost <abbr title="−490/523">93.7%</abbr> of its health!)</small><br></div><div class="spacer battle-history"><br></div><div class="battle-history">The opposing Snorlax fainted!<br></div><div class="battle-history">Cloysex fainted!<br></div><div class="spacer battle-history"><br></div><div class="battle-history">Go! Sexdos (<strong>Zapdos</strong>)!<br></div><div class="spacer battle-history"><br></div><div class="battle-history">VIL XD sent out <strong>Misdreavus</strong>!<br></div><div class="battle-history"><small>The opposing Misdreavus was hurt by the spikes!</small><br></div><div class="spacer battle-history"><br></div><div class="battle-history"><small>The opposing Misdreavus restored a little HP using its Leftovers!</small><br></div><div class="spacer battle-history"><br></div><h2 class="battle-history">Turn 29</h2><div class="spacer battle-history"><br></div><div class="battle-history">Sexdos used <strong>Thunder</strong>!<br></div><div class="battle-history"><small>The opposing Misdreavus avoided the attack!</small><br></div><div class="spacer battle-history"><br></div><div class="battle-history">The opposing Misdreavus used <strong>Hypnosis</strong>!<br></div><div class="battle-history"><small>Sexdos fell asleep!</small><br></div><div class="spacer battle-history"><br></div><div class="battle-history"><small>The opposing Misdreavus restored a little HP using its Leftovers!</small><br></div><div class="spacer battle-history"><br></div><h2 class="battle-history">Turn 30</h2><div class="spacer battle-history"><br></div><div class="battle-history">VIL XD withdrew Misdreavus!<br></div><div class="battle-history">VIL XD sent out <strong>Cloyster</strong>!<br></div><div class="battle-history"><small>The opposing Cloyster was hurt by the spikes!</small><br></div><div class="spacer battle-history"><br></div><div class="battle-history">Sexdos is fast asleep.<br></div><div class="spacer battle-history"><br></div><div class="battle-history">Sexdos used <strong>Sleep Talk</strong>!<br></div><div class="spacer battle-history"><br></div><div class="battle-history">Sexdos used <strong>Hidden Power</strong>!<br></div><div class="battle-history"><small>It's not very effective...</small><br></div><div class="battle-history"><small>(The opposing Cloyster lost <abbr title="−25/303">8.3%</abbr> of its health!)</small><br></div><div class="spacer battle-history"><br></div><div class="battle-history"><small>The opposing Cloyster restored a little HP using its Leftovers!</small><br></div><div class="spacer battle-history"><br></div><h2 class="battle-history">Turn 31</h2><div class="spacer battle-history"><br></div><div class="battle-history">Sexdos, come back!<br></div><div class="battle-history">Go! Sexgar (<strong>Gengar</strong>)!<br></div><div class="battle-history"><small>Sexgar was hurt by the spikes!</small><br></div><div class="spacer battle-history"><br></div><div class="battle-history">The opposing Cloyster used <strong>Surf</strong>!<br></div><div class="battle-history"><small>(Sexgar lost <abbr title="−113/323">35.0%</abbr> of its health!)</small><br></div><div class="spacer battle-history"><br></div><div class="battle-history"><small>Sexgar restored a little HP using its Leftovers!</small><br></div><div class="battle-history"><small>The opposing Cloyster restored a little HP using its Leftovers!</small><br></div><div class="spacer battle-history"><br></div><h2 class="battle-history">Turn 32</h2><div class="spacer battle-history"><br></div><div class="battle-history">VIL XD withdrew Cloyster!<br></div><div class="battle-history">VIL XD sent out <strong>Misdreavus</strong>!<br></div><div class="battle-history"><small>The opposing Misdreavus was hurt by the spikes!</small><br></div><div class="spacer battle-history"><br></div><div class="battle-history">Sexgar used <strong>Thunderbolt</strong>!<br></div><div class="battle-history"><small>(The opposing Misdreavus lost <abbr title="−102/323">31.6%</abbr> of its health!)</small><br></div><div class="spacer battle-history"><br></div><div class="battle-history"><small>Sexgar restored a little HP using its Leftovers!</small><br></div><div class="battle-history"><small>The opposing Misdreavus restored a little HP using its Leftovers!</small><br></div><div class="spacer battle-history"><br></div><h2 class="battle-history">Turn 33</h2><div class="spacer battle-history"><br></div><div class="battle-history">Sexgar, come back!<br></div><div class="battle-history">Go! Sexlix (<strong>Steelix</strong>)!<br></div><div class="battle-history"><small>Sexlix was hurt by the spikes!</small><br></div><div class="spacer battle-history"><br></div><div class="battle-history">VIL XD withdrew Misdreavus!<br></div><div class="battle-history">VIL XD sent out <strong>Cloyster</strong>!<br></div><div class="battle-history"><small>The opposing Cloyster was hurt by the spikes!</small><br></div><div class="spacer battle-history"><br></div><div class="battle-history"><small>The opposing Cloyster restored a little HP using its Leftovers!</small><br></div><div class="battle-history"><small>Sexlix restored a little HP using its Leftovers!</small><br></div><div class="spacer battle-history"><br></div><h2 class="battle-history">Turn 34</h2><div class="spacer battle-history"><br></div><div class="battle-history">Sexlix, come back!<br></div><div class="battle-history">Go! we RBY now (<strong>Jynx</strong>)!<br></div><div class="battle-history"><small>we RBY now was hurt by the spikes!</small><br></div><div class="spacer battle-history"><br></div><div class="battle-history">The opposing Cloyster used <strong>Rapid Spin</strong>!<br></div><div class="battle-history"><small>(we RBY now lost <abbr title="−25/333">7.5%</abbr> of its health!)</small><br></div><div class="battle-history"><small>The spikes disappeared from the ground around the opposing team!</small><br></div><div class="spacer battle-history"><br></div><div class="battle-history"><small>we RBY now restored a little HP using its Leftovers!</small><br></div><div class="battle-history"><small>The opposing Cloyster restored a little HP using its Leftovers!</small><br></div><div class="spacer battle-history"><br></div><h2 class="battle-history">Turn 35</h2><div class="spacer battle-history"><br></div><div class="battle-history">we RBY now used <strong>Psychic</strong>!<br></div><div class="battle-history"><small>(The opposing Cloyster lost <abbr title="−107/303">35.3%</abbr> of its health!)</small><br></div><div class="spacer battle-history"><br></div><div class="battle-history">The opposing Cloyster fainted!<br></div><div class="spacer battle-history"><br></div><div class="battle-history">VIL XD sent out <strong>Suicune</strong>!<br></div><div class="spacer battle-history"><br></div><div class="battle-history"><small>we RBY now restored a little HP using its Leftovers!</small><br></div><div class="battle-history"><small>The opposing Suicune restored a little HP using its Leftovers!</small><br></div><div class="spacer battle-history"><br></div><h2 class="battle-history">Turn 36</h2><div class="spacer battle-history"><br></div><div class="battle-history">we RBY now used <strong>Dream Eater</strong>!<br></div><div class="battle-history"><small>(The opposing Suicune lost <abbr title="−123/403">30.5%</abbr> of its health!)</small><br></div><div class="battle-history"><small>The opposing Suicune had its energy drained!</small><br></div><div class="spacer battle-history"><br></div><div class="battle-history">The opposing Suicune is fast asleep.<br></div><div class="spacer battle-history"><br></div><div class="battle-history"><small>we RBY now restored a little HP using its Leftovers!</small><br></div><div class="battle-history"><small>The opposing Suicune restored a little HP using its Leftovers!</small><br></div><div class="spacer battle-history"><br></div><h2 class="battle-history">Turn 37</h2><div class="spacer battle-history"><br></div><div class="battle-history">we RBY now used <strong>Psychic</strong>!<br></div><div class="battle-history"><small>(The opposing Suicune lost <abbr title="−97/403">24.1%</abbr> of its health!)</small><br></div><div class="battle-history"><small>The opposing Suicune woke up!</small><br></div><div class="spacer battle-history"><br></div><div class="battle-history">The opposing Suicune used <strong>Roar</strong>!<br></div><div class="spacer battle-history"><br></div><div class="battle-history">Sexlix (<strong>Steelix</strong>) was dragged out!<br></div><div class="battle-history"><small>Sexlix was hurt by the spikes!</small><br></div><div class="spacer battle-history"><br></div><div class="battle-history"><small>The opposing Suicune restored a little HP using its Leftovers!</small><br></div><div class="battle-history"><small>Sexlix restored a little HP using its Leftovers!</small><br></div><div class="spacer battle-history"><br></div><h2 class="battle-history">Turn 38</h2><div class="spacer battle-history"><br></div><div class="battle-history">VIL XD withdrew Suicune!<br></div><div class="battle-history">VIL XD sent out <strong>Skarmory</strong>!<br></div><div class="spacer battle-history"><br></div><div class="battle-history">Sexlix used <strong>Roar</strong>!<br></div><div class="spacer battle-history"><br></div><div class="battle-history"><strong>Suicune</strong> was dragged out!<br></div><div class="spacer battle-history"><br></div><div class="battle-history"><small>The opposing Suicune restored a little HP using its Leftovers!</small><br></div><div class="battle-history"><small>Sexlix restored a little HP using its Leftovers!</small><br></div><div class="spacer battle-history"><br></div><h2 class="battle-history">Turn 39</h2><div class="spacer battle-history"><br></div><div class="battle-history">VIL XD withdrew Suicune!<br></div><div class="battle-history">VIL XD sent out <strong>Skarmory</strong>!<br></div><div class="spacer battle-history"><br></div><div class="battle-history">Sexlix, come back!<br></div><div class="battle-history">Go! we RBY now (<strong>Jynx</strong>)!<br></div><div class="battle-history"><small>we RBY now was hurt by the spikes!</small><br></div><div class="spacer battle-history"><br></div><div class="battle-history"><small>we RBY now restored a little HP using its Leftovers!</small><br></div><div class="battle-history"><small>The opposing Skarmory restored a little HP using its Leftovers!</small><br></div><div class="spacer battle-history"><br></div><h2 class="battle-history">Turn 40</h2><div class="spacer battle-history"><br></div><div class="battle-history">VIL XD withdrew Skarmory!<br></div><div class="battle-history">VIL XD sent out <strong>Suicune</strong>!<br></div><div class="spacer battle-history"><br></div><div class="battle-history">we RBY now used <strong>Ice Beam</strong>!<br></div><div class="battle-history"><small>It's not very effective...</small><br></div><div class="battle-history"><small>(The opposing Suicune lost <abbr title="−56/403">13.9%</abbr> of its health!)</small><br></div><div class="battle-history"><small>The opposing Suicune was frozen solid!</small><br></div><div class="spacer battle-history"><br></div><div class="battle-history"><small>we RBY now restored a little HP using its Leftovers!</small><br></div><div class="battle-history"><small>The opposing Suicune restored a little HP using its Leftovers!</small><br></div><div class="spacer battle-history"><br></div><h2 class="battle-history">Turn 41</h2><div class="spacer battle-history"><br></div><div class="battle-history">we RBY now used <strong>Psychic</strong>!<br></div><div class="battle-history"><small>(The opposing Suicune lost <abbr title="−101/403">25.1%</abbr> of its health!)</small><br></div><div class="spacer battle-history"><br></div><div class="battle-history">The opposing Suicune is frozen solid!<br></div><div class="spacer battle-history"><br></div><div class="battle-history"><small>we RBY now restored a little HP using its Leftovers!</small><br></div><div class="battle-history"><small>The opposing Suicune restored a little HP using its Leftovers!</small><br></div><div class="spacer battle-history"><br></div><h2 class="battle-history">Turn 42</h2><div class="spacer battle-history"><br></div><div class="battle-history">we RBY now used <strong>Psychic</strong>!<br></div><div class="battle-history"><small>(The opposing Suicune lost <abbr title="−77/403">19.1%</abbr> of its health!)</small><br></div><div class="spacer battle-history"><br></div><div class="battle-history">The opposing Suicune fainted!<br></div><div class="spacer battle-history"><br></div><div class="battle-history">VIL XD sent out <strong>Misdreavus</strong>!<br></div><div class="spacer battle-history"><br></div><div class="battle-history"><small>we RBY now restored a little HP using its Leftovers!</small><br></div><div class="battle-history"><small>The opposing Misdreavus restored a little HP using its Leftovers!</small><br></div><div class="spacer battle-history"><br></div><h2 class="battle-history">Turn 43</h2><div class="spacer battle-history"><br></div><div class="battle-history">we RBY now used <strong>Lovely Kiss</strong>!<br></div><div class="battle-history"><small>The opposing Misdreavus avoided the attack!</small><br></div><div class="spacer battle-history"><br></div><div class="battle-history">The opposing Misdreavus used <strong>Thunder</strong>!<br></div><div class="battle-history"><small>(we RBY now lost <abbr title="−93/333">27.9%</abbr> of its health!)</small><br></div><div class="spacer battle-history"><br></div><div class="battle-history"><small>we RBY now restored a little HP using its Leftovers!</small><br></div><div class="battle-history"><small>The opposing Misdreavus restored a little HP using its Leftovers!</small><br></div><div class="spacer battle-history"><br></div><h2 class="battle-history">Turn 44</h2><div class="spacer battle-history"><br></div><div class="battle-history">we RBY now used <strong>Ice Beam</strong>!<br></div><div class="battle-history"><small>(The opposing Misdreavus lost <abbr title="−135/323">41.8%</abbr> of its health!)</small><br></div><div class="spacer battle-history"><br></div><div class="battle-history">The opposing Misdreavus used <strong>Thunder</strong>!<br></div><div class="battle-history"><small>(we RBY now lost <abbr title="−84/333">25.2%</abbr> of its health!)</small><br></div><div class="spacer battle-history"><br></div><div class="battle-history"><small>we RBY now restored a little HP using its Leftovers!</small><br></div><div class="battle-history"><small>The opposing Misdreavus restored a little HP using its Leftovers!</small><br></div><div class="spacer battle-history"><br></div><h2 class="battle-history">Turn 45</h2><div class="chat chatmessage-vilxd"><strong style="color:#10a631"><small>★</small><span class="username" data-name="VIL XD">VIL XD</span>:</strong> <em>gg</em></div><div class="chat chatmessage-mre"><strong style="color:#bf18a0"><small>★</small><span class="username" data-name="Mr.E">Mr.E</span>:</strong> <em>gg</em></div><div class="spacer battle-history"><br></div><div class="battle-history"><small>VIL XD forfeited.</small><br></div><div class="spacer battle-history"><br></div><div class="battle-history"><strong>Mr.E</strong> won the battle!<br></div></div><div class="inner-preempt"></div></div></div>
</div>
<script>
let daily = Math.floor(Date.now()/1000/60/60/24);document.write('<script src="https://play.pokemonshowdown.com/js/replay-embed.js?version'+daily+'"></'+'script>');
</script>
