<!DOCTYPE html>
<meta charset="utf-8" />
<!-- version 1 -->
<title>[Gen 2] OU replay: neomon vs. RaiyanGotNo3DS</title>
<style>
html,body {font-family:Verdana, sans-serif;font-size:10pt;margin:0;padding:0;}body{padding:12px 0;} .battle-log {font-family:Verdana, sans-serif;font-size:10pt;} .battle-log-inline {border:1px solid #AAAAAA;background:#EEF2F5;color:black;max-width:640px;margin:0 auto 80px;padding-bottom:5px;} .battle-log .inner {padding:4px 8px 0px 8px;} .battle-log .inner-preempt {padding:0 8px 4px 8px;} .battle-log .inner-after {margin-top:0.5em;} .battle-log h2 {margin:0.5em -8px;padding:4px 8px;border:1px solid #AAAAAA;background:#E0E7EA;border-left:0;border-right:0;font-family:Verdana, sans-serif;font-size:13pt;} .battle-log .chat {vertical-align:middle;padding:3px 0 3px 0;font-size:8pt;} .battle-log .chat strong {color:#40576A;} .battle-log .chat em {padding:1px 4px 1px 3px;color:#000000;font-style:normal;} .chat.mine {background:rgba(0,0,0,0.05);margin-left:-8px;margin-right:-8px;padding-left:8px;padding-right:8px;} .spoiler {color:#BBBBBB;background:#BBBBBB;padding:0px 3px;} .spoiler:hover, .spoiler:active, .spoiler-shown {color:#000000;background:#E2E2E2;padding:0px 3px;} .spoiler a {color:#BBBBBB;} .spoiler:hover a, .spoiler:active a, .spoiler-shown a {color:#2288CC;} .chat code, .chat .spoiler:hover code, .chat .spoiler:active code, .chat .spoiler-shown code {border:1px solid #C0C0C0;background:#EEEEEE;color:black;padding:0 2px;} .chat .spoiler code {border:1px solid #CCCCCC;background:#CCCCCC;color:#CCCCCC;} .battle-log .rated {padding:3px 4px;} .battle-log .rated strong {color:white;background:#89A;padding:1px 4px;border-radius:4px;} .spacer {margin-top:0.5em;} .message-announce {background:#6688AA;color:white;padding:1px 4px 2px;} .message-announce a, .broadcast-green a, .broadcast-blue a, .broadcast-red a {color:#DDEEFF;} .broadcast-green {background-color:#559955;color:white;padding:2px 4px;} .broadcast-blue {background-color:#6688AA;color:white;padding:2px 4px;} .infobox {border:1px solid #6688AA;padding:2px 4px;} .infobox-limited {max-height:200px;overflow:auto;overflow-x:hidden;} .broadcast-red {background-color:#AA5544;color:white;padding:2px 4px;} .message-learn-canlearn {font-weight:bold;color:#228822;text-decoration:underline;} .message-learn-cannotlearn {font-weight:bold;color:#CC2222;text-decoration:underline;} .message-effect-weak {font-weight:bold;color:#CC2222;} .message-effect-resist {font-weight:bold;color:#6688AA;} .message-effect-immune {font-weight:bold;color:#666666;} .message-learn-list {margin-top:0;margin-bottom:0;} .message-throttle-notice, .message-error {color:#992222;} .message-overflow, .chat small.message-overflow {font-size:0pt;} .message-overflow::before {font-size:9pt;content:'...';} .subtle {color:#3A4A66;}
</style>
<div class="wrapper replay-wrapper" style="max-width:1180px;margin:0 auto">
<input type="hidden" name="replayid" value="smogtours-gen2ou-377655" />
<div class="battle"></div><div class="battle-log"></div><div class="replay-controls"></div><div class="replay-controls-2"></div>
<h1 style="font-weight:normal;text-align:center"><strong>[Gen 2] OU</strong><br /><a href="http://pokemonshowdown.com/users/neomon" class="subtle" target="_blank">neomon</a> vs. <a href="http://pokemonshowdown.com/users/raiyangotno3ds" class="subtle" target="_blank">RaiyanGotNo3DS</a></h1>
<script type="text/plain" class="battle-log-data">|inactive|Battle timer is ON: inactive players will automatically lose when time's up.
|player|p1|neomon|2
|player|p2|RaiyanGotNo3DS|162
|teamsize|p1|6
|teamsize|p2|6
|gametype|singles
|gen|2
|tier|[Gen 2] OU
|rule|Sleep Clause Mod: Limit one foe put to sleep
|rule|Freeze Clause Mod: Limit one foe frozen
|rule|Species Clause: Limit one of each Pokémon
|rule|OHKO Clause: OHKO moves are banned
|rule|Evasion Moves Clause: Evasion moves are banned
|rule|HP Percentage Mod: HP is shown in percentages
|
|start
|switch|p1a: californication|Zapdos|100\/100
|switch|p2a: Ishtiaq Ali|Snorlax, M|100\/100
|turn|1
|c|☆neomon|Hf 
|
|switch|p2a: Arik|Raikou|100\/100
|move|p1a: californication|Thunder|p2a: Arik
|-resisted|p2a: Arik
|-damage|p2a: Arik|78\/100
|
|-heal|p2a: Arik|84\/100|[from] item: Leftovers
|upkeep
|turn|2
|c|☆RaiyanGotNo3DS|u2
|c|+tehDICKtutor|bhotkachoda <3 
|
|switch|p1a: go robot|Steelix, M|100\/100
|move|p2a: Arik|Reflect|p2a: Arik
|-sidestart|p2: RaiyanGotNo3DS|Reflect
|
|-heal|p2a: Arik|90\/100|[from] item: Leftovers
|upkeep
|turn|3
|
|switch|p2a: Dicktutor|Cloyster, M|100\/100
|move|p1a: go robot|Roar|p2a: Dicktutor
|drag|p2a: Ishtiaq Ali|Snorlax, M|100\/100
|
|upkeep
|turn|4
|
|switch|p1a: can't stop|Snorlax, M|100\/100
|switch|p2a: Dicktutor|Cloyster, M|100\/100
|
|upkeep
|turn|5
|
|move|p2a: Dicktutor|Spikes|p1a: can't stop
|-sidestart|p1: neomon|Spikes
|move|p1a: can't stop|Thunder|p2a: Dicktutor|[miss]
|-miss|p1a: can't stop
|
|upkeep
|turn|6
|inactive|RaiyanGotNo3DS has 285 seconds left.
|
|switch|p2a: Ishtiaq Ali|Snorlax, M|100\/100
|move|p1a: can't stop|Double-Edge|p2a: Ishtiaq Ali
|-crit|p2a: Ishtiaq Ali
|-damage|p2a: Ishtiaq Ali|26\/100
|-damage|p1a: can't stop|82\/100|[from] Recoil|[of] p2a: Ishtiaq Ali
|
|-heal|p1a: can't stop|88\/100|[from] item: Leftovers
|-heal|p2a: Ishtiaq Ali|32\/100|[from] item: Leftovers
|-sideend|p2: RaiyanGotNo3DS|Reflect
|upkeep
|turn|7
|inactive|RaiyanGotNo3DS has 285 seconds left.
|inactive|RaiyanGotNo3DS has 270 seconds left.
|inactive|RaiyanGotNo3DS has 255 seconds left.
|inactive|RaiyanGotNo3DS has 240 seconds left.
|
|switch|p2a: Dicktutor|Cloyster, M|100\/100
|move|p1a: can't stop|Double-Edge|p2a: Dicktutor
|-damage|p2a: Dicktutor|66\/100
|-damage|p1a: can't stop|83\/100|[from] Recoil|[of] p2a: Dicktutor
|
|-heal|p2a: Dicktutor|72\/100|[from] item: Leftovers
|-heal|p1a: can't stop|89\/100|[from] item: Leftovers
|upkeep
|turn|8
|inactive|RaiyanGotNo3DS has 255 seconds left.
|inactive|neomon has 285 seconds left.
|inactive|RaiyanGotNo3DS has 240 seconds left.
|inactive|RaiyanGotNo3DS has 225 seconds left.
|
|switch|p2a: Ishtiaq Ali|Snorlax, M|32\/100
|switch|p1a: dark necessities|Gengar, M|100\/100
|-damage|p1a: dark necessities|88\/100|[from] Spikes
|
|-heal|p1a: dark necessities|94\/100|[from] item: Leftovers
|-heal|p2a: Ishtiaq Ali|38\/100|[from] item: Leftovers
|upkeep
|turn|9
|inactive|RaiyanGotNo3DS has 225 seconds left.
|inactive|RaiyanGotNo3DS has 210 seconds left.
|
|switch|p2a: Afsin|Zapdos|100\/100
|move|p1a: dark necessities|Hypnosis|p2a: Afsin
|-status|p2a: Afsin|slp
|
|-heal|p1a: dark necessities|100\/100|[from] item: Leftovers
|upkeep
|turn|10
|inactive|RaiyanGotNo3DS has 210 seconds left.
|
|switch|p1a: can't stop|Snorlax, M|89\/100
|-damage|p1a: can't stop|77\/100|[from] Spikes
|cant|p2a: Afsin|slp
|move|p2a: Afsin|Sleep Talk|p2a: Afsin
|move|p2a: Afsin|Rest|p2a: Afsin|[from]Sleep Talk
|-fail|p2a: Afsin
|
|-heal|p1a: can't stop|83\/100|[from] item: Leftovers
|upkeep
|turn|11
|
|-curestatus|p2a: Afsin|slp|[msg]
|move|p2a: Afsin|Sleep Talk|p2a: Afsin
|-fail|p2a: Afsin
|move|p1a: can't stop|Double-Edge|p2a: Afsin
|-damage|p2a: Afsin|54\/100
|-damage|p1a: can't stop|74\/100|[from] Recoil|[of] p2a: Afsin
|
|-heal|p2a: Afsin|60\/100|[from] item: Leftovers
|-heal|p1a: can't stop|80\/100|[from] item: Leftovers
|upkeep
|turn|12
|
|move|p2a: Afsin|Thunder|p1a: can't stop
|-damage|p1a: can't stop|53\/100
|move|p1a: can't stop|Double-Edge|p2a: Afsin
|-damage|p2a: Afsin|19\/100
|-damage|p1a: can't stop|45\/100|[from] Recoil|[of] p2a: Afsin
|
|-heal|p2a: Afsin|25\/100|[from] item: Leftovers
|-heal|p1a: can't stop|51\/100|[from] item: Leftovers
|upkeep
|turn|13
|inactive|neomon has 285 seconds left.
|
|switch|p1a: go robot|Steelix, M|100\/100
|-damage|p1a: go robot|88\/100|[from] Spikes
|move|p2a: Afsin|Rest|p2a: Afsin
|-status|p2a: Afsin|slp
|-heal|p2a: Afsin|100\/100 slp|[silent]
|-status|p2a: Afsin|slp|[from] move: Rest
|
|-heal|p1a: go robot|94\/100|[from] item: Leftovers
|upkeep
|turn|14
|inactive|RaiyanGotNo3DS has 210 seconds left.
|
|cant|p2a: Afsin|slp
|move|p2a: Afsin|Sleep Talk|p2a: Afsin
|move|p2a: Afsin|Hidden Power|p1a: go robot|[from]Sleep Talk
|-damage|p1a: go robot|72\/100
|move|p1a: go robot|Curse|p1a: go robot
|-unboost|p1a: go robot|spe|1
|-boost|p1a: go robot|atk|1
|-boost|p1a: go robot|def|1
|
|-heal|p1a: go robot|78\/100|[from] item: Leftovers
|upkeep
|turn|15
|inactive|neomon has 285 seconds left.
|inactive|RaiyanGotNo3DS has 195 seconds left.
|inactive|neomon has 270 seconds left.
|inactive|neomon has 255 seconds left.
|inactive|RaiyanGotNo3DS has 180 seconds left.
|inactive|RaiyanGotNo3DS has 165 seconds left.
|inactive|RaiyanGotNo3DS has 150 seconds left.
|
|switch|p2a: Dicktutor|Cloyster, M|72\/100
|move|p1a: go robot|Earthquake|p2a: Dicktutor
|-crit|p2a: Dicktutor
|-damage|p2a: Dicktutor|10\/100
|
|-heal|p2a: Dicktutor|16\/100|[from] item: Leftovers
|-heal|p1a: go robot|84\/100|[from] item: Leftovers
|upkeep
|turn|16
|
|switch|p1a: by the way|Cloyster, M|100\/100
|-damage|p1a: by the way|88\/100|[from] Spikes
|move|p2a: Dicktutor|Surf|p1a: by the way
|-resisted|p1a: by the way
|-damage|p1a: by the way|62\/100
|
|-heal|p1a: by the way|67\/100|[from] item: Leftovers
|-heal|p2a: Dicktutor|22\/100|[from] item: Leftovers
|upkeep
|turn|17
|inactive|RaiyanGotNo3DS has 135 seconds left.
|inactive|RaiyanGotNo3DS has 120 seconds left.
|
|switch|p2a: Oshim khankirpola|Gengar, M|100\/100
|move|p1a: by the way|Spikes|p2a: Oshim khankirpola
|-sidestart|p2: RaiyanGotNo3DS|Spikes
|
|-heal|p1a: by the way|73\/100|[from] item: Leftovers
|upkeep
|turn|18
|inactive|neomon has 285 seconds left.
|
|switch|p1a: go robot|Steelix, M|84\/100
|-damage|p1a: go robot|72\/100|[from] Spikes
|move|p2a: Oshim khankirpola|Thunderbolt|p1a: go robot
|-immune|p1a: go robot|[msg]
|
|-heal|p1a: go robot|78\/100|[from] item: Leftovers
|upkeep
|turn|19
|inactive|RaiyanGotNo3DS has 120 seconds left.
|inactive|RaiyanGotNo3DS has 105 seconds left.
|
|switch|p2a: afrin kp|Skarmory, M|100\/100
|move|p1a: go robot|Earthquake|p2a: afrin kp
|-immune|p2a: afrin kp|[msg]
|
|-heal|p1a: go robot|84\/100|[from] item: Leftovers
|upkeep
|turn|20
|
|move|p2a: afrin kp|Whirlwind|p1a: go robot
|-fail|p1a: go robot
|move|p1a: go robot|Roar|p2a: afrin kp
|drag|p2a: Arik|Raikou|90\/100
|-damage|p2a: Arik|78\/100|[from] Spikes
|
|-heal|p2a: Arik|84\/100|[from] item: Leftovers
|-heal|p1a: go robot|90\/100|[from] item: Leftovers
|upkeep
|turn|21
|inactive|RaiyanGotNo3DS has 105 seconds left.
|inactive|RaiyanGotNo3DS has 90 seconds left.
|
|move|p2a: Arik|Reflect|p2a: Arik
|-sidestart|p2: RaiyanGotNo3DS|Reflect
|move|p1a: go robot|Earthquake|p2a: Arik
|-supereffective|p2a: Arik
|-damage|p2a: Arik|48\/100
|
|-heal|p2a: Arik|54\/100|[from] item: Leftovers
|-heal|p1a: go robot|97\/100|[from] item: Leftovers
|upkeep
|turn|22
|inactive|RaiyanGotNo3DS has 90 seconds left.
|inactive|neomon has 285 seconds left.
|inactive|neomon has 270 seconds left.
|inactive|neomon has 255 seconds left.
|
|move|p2a: Arik|Hidden Power|p1a: go robot
|-supereffective|p1a: go robot
|-damage|p1a: go robot|49\/100
|move|p1a: go robot|Earthquake|p2a: Arik
|-supereffective|p2a: Arik
|-damage|p2a: Arik|21\/100
|
|-heal|p2a: Arik|27\/100|[from] item: Leftovers
|-heal|p1a: go robot|55\/100|[from] item: Leftovers
|upkeep
|turn|23
|inactive|RaiyanGotNo3DS has 90 seconds left.
|inactive|neomon has 255 seconds left.
|
|move|p2a: Arik|Rest|p2a: Arik
|-status|p2a: Arik|slp
|-heal|p2a: Arik|100\/100 slp|[silent]
|-status|p2a: Arik|slp|[from] move: Rest
|move|p1a: go robot|Earthquake|p2a: Arik
|-supereffective|p2a: Arik
|-damage|p2a: Arik|63\/100 slp
|
|-heal|p2a: Arik|69\/100 slp|[from] item: Leftovers
|-heal|p1a: go robot|61\/100|[from] item: Leftovers
|upkeep
|turn|24
|
|switch|p2a: afrin kp|Skarmory, M|100\/100
|move|p1a: go robot|Earthquake|p2a: afrin kp
|-immune|p2a: afrin kp|[msg]
|
|-heal|p1a: go robot|67\/100|[from] item: Leftovers
|upkeep
|turn|25
|inactive|RaiyanGotNo3DS has 90 seconds left.
|
|move|p1a: go robot|Curse|p1a: go robot
|-unboost|p1a: go robot|spe|1
|-boost|p1a: go robot|atk|1
|-boost|p1a: go robot|def|1
|move|p2a: afrin kp|Whirlwind|p1a: go robot
|drag|p1a: by the way|Cloyster, M|73\/100
|-damage|p1a: by the way|61\/100|[from] Spikes
|
|-heal|p1a: by the way|67\/100|[from] item: Leftovers
|-sideend|p2: RaiyanGotNo3DS|Reflect
|upkeep
|turn|26
|inactive|RaiyanGotNo3DS has 90 seconds left.
|inactive|neomon has 270 seconds left.
|
|switch|p2a: Oshim khankirpola|Gengar, M|100\/100
|-damage|p2a: Oshim khankirpola|88\/100|[from] Spikes
|move|p1a: by the way|Surf|p2a: Oshim khankirpola
|-damage|p2a: Oshim khankirpola|48\/100
|
|-heal|p2a: Oshim khankirpola|54\/100|[from] item: Leftovers
|-heal|p1a: by the way|73\/100|[from] item: Leftovers
|upkeep
|turn|27
|inactive|RaiyanGotNo3DS has 90 seconds left.
|
|switch|p1a: go robot|Steelix, M|67\/100
|-damage|p1a: go robot|55\/100|[from] Spikes
|move|p2a: Oshim khankirpola|Dynamic Punch|p1a: go robot
|-supereffective|p1a: go robot
|-damage|p1a: go robot|35\/100
|-start|p1a: go robot|confusion
|
|-heal|p2a: Oshim khankirpola|60\/100|[from] item: Leftovers
|-heal|p1a: go robot|41\/100|[from] item: Leftovers
|upkeep
|turn|28
|inactive|RaiyanGotNo3DS has 90 seconds left.
|inactive|RaiyanGotNo3DS has 75 seconds left.
|inactive|RaiyanGotNo3DS has 60 seconds left.
|inactive|RaiyanGotNo3DS has 45 seconds left.
|
|switch|p2a: afrin kp|Skarmory, M|100\/100
|switch|p1a: by the way|Cloyster, M|73\/100
|-damage|p1a: by the way|61\/100|[from] Spikes
|
|-heal|p1a: by the way|67\/100|[from] item: Leftovers
|upkeep
|turn|29
|inactive|RaiyanGotNo3DS has 45 seconds left.
|
|move|p1a: by the way|Surf|p2a: afrin kp
|-damage|p2a: afrin kp|61\/100
|move|p2a: afrin kp|Whirlwind|p1a: by the way
|drag|p1a: dark necessities|Gengar, M|100\/100
|-damage|p1a: dark necessities|88\/100|[from] Spikes
|
|-heal|p1a: dark necessities|94\/100|[from] item: Leftovers
|-heal|p2a: afrin kp|67\/100|[from] item: Leftovers
|upkeep
|turn|30
|inactive|neomon has 285 seconds left.
|inactive|RaiyanGotNo3DS has 45 seconds left.
|inactive|RaiyanGotNo3DS has 30 seconds left.
|
|switch|p2a: Afsin|Zapdos|100\/100 slp
|move|p1a: dark necessities|Ice Punch|p2a: Afsin
|-supereffective|p2a: Afsin
|-damage|p2a: Afsin|60\/100 slp
|
|-heal|p1a: dark necessities|100\/100|[from] item: Leftovers
|-heal|p2a: Afsin|66\/100 slp|[from] item: Leftovers
|upkeep
|turn|31
|inactive|neomon has 285 seconds left.
|inactive|RaiyanGotNo3DS has 30 seconds left.
|
|move|p1a: dark necessities|Ice Punch|p2a: Afsin
|-supereffective|p2a: Afsin
|-damage|p2a: Afsin|25\/100 slp
|cant|p2a: Afsin|slp
|move|p2a: Afsin|Sleep Talk|p2a: Afsin
|move|p2a: Afsin|Rest|p2a: Afsin|[from]Sleep Talk
|-heal|p2a: Afsin|100\/100 slp|[silent]
|-status|p2a: Afsin|slp|[from] move: Rest
|
|upkeep
|turn|32
|inactive|neomon has 285 seconds left.
|
|move|p1a: dark necessities|Ice Punch|p2a: Afsin
|-supereffective|p2a: Afsin
|-damage|p2a: Afsin|62\/100 slp
|cant|p2a: Afsin|slp
|move|p2a: Afsin|Sleep Talk|p2a: Afsin
|move|p2a: Afsin|Rest|p2a: Afsin|[from]Sleep Talk
|-heal|p2a: Afsin|100\/100 slp|[silent]
|-status|p2a: Afsin|slp|[from] move: Rest
|
|upkeep
|turn|33
|
|move|p1a: dark necessities|Ice Punch|p2a: Afsin
|-supereffective|p2a: Afsin
|-damage|p2a: Afsin|60\/100 slp
|cant|p2a: Afsin|slp
|move|p2a: Afsin|Sleep Talk|p2a: Afsin
|move|p2a: Afsin|Thunder|p1a: dark necessities|[from]Sleep Talk
|-damage|p1a: dark necessities|44\/100
|
|-heal|p1a: dark necessities|50\/100|[from] item: Leftovers
|-heal|p2a: Afsin|66\/100 slp|[from] item: Leftovers
|upkeep
|turn|34
|inactive|RaiyanGotNo3DS has 45 seconds left.
|
|move|p1a: dark necessities|Ice Punch|p2a: Afsin
|-supereffective|p2a: Afsin
|-damage|p2a: Afsin|27\/100 slp
|cant|p2a: Afsin|slp
|move|p2a: Afsin|Sleep Talk|p2a: Afsin
|move|p2a: Afsin|Rest|p2a: Afsin|[from]Sleep Talk
|-heal|p2a: Afsin|100\/100 slp|[silent]
|-status|p2a: Afsin|slp|[from] move: Rest
|
|-heal|p1a: dark necessities|56\/100|[from] item: Leftovers
|upkeep
|turn|35
|
|move|p1a: dark necessities|Ice Punch|p2a: Afsin
|-supereffective|p2a: Afsin
|-damage|p2a: Afsin|62\/100 slp
|cant|p2a: Afsin|slp
|move|p2a: Afsin|Sleep Talk|p2a: Afsin
|move|p2a: Afsin|Thunder|p1a: dark necessities|[from]Sleep Talk
|-damage|p1a: dark necessities|0 fnt
|faint|p1a: dark necessities
|inactive|neomon has 285 seconds left.
|inactive|neomon has 270 seconds left.
|inactive|neomon has 255 seconds left.
|inactive|neomon has 240 seconds left.
|
|switch|p1a: can't stop|Snorlax, M|51\/100
|-damage|p1a: can't stop|39\/100|[from] Spikes
|
|-heal|p2a: Afsin|68\/100 slp|[from] item: Leftovers
|-heal|p1a: can't stop|45\/100|[from] item: Leftovers
|upkeep
|turn|36
|inactive|RaiyanGotNo3DS has 60 seconds left.
|
|cant|p2a: Afsin|slp
|move|p2a: Afsin|Sleep Talk|p2a: Afsin
|move|p2a: Afsin|Hidden Power|p1a: can't stop|[from]Sleep Talk
|-damage|p1a: can't stop|34\/100
|move|p1a: can't stop|Double-Edge|p2a: Afsin
|-damage|p2a: Afsin|26\/100 slp
|-damage|p1a: can't stop|27\/100|[from] Recoil|[of] p2a: Afsin
|
|-heal|p2a: Afsin|32\/100 slp|[from] item: Leftovers
|-heal|p1a: can't stop|33\/100|[from] item: Leftovers
|upkeep
|turn|37
|inactive|RaiyanGotNo3DS has 60 seconds left.
|inactive|neomon has 255 seconds left.
|inactive|neomon has 240 seconds left.
|
|-curestatus|p2a: Afsin|slp|[msg]
|move|p2a: Afsin|Rest|p2a: Afsin
|-status|p2a: Afsin|slp
|-heal|p2a: Afsin|100\/100 slp|[silent]
|-status|p2a: Afsin|slp|[from] move: Rest
|move|p1a: can't stop|Self-Destruct|p2a: Afsin
|-damage|p2a: Afsin|0 fnt
|faint|p2a: Afsin
|faint|p1a: can't stop
|inactive|neomon has 240 seconds left.
|inactive|RaiyanGotNo3DS has 60 seconds left.
|inactive|neomon has 225 seconds left.
|
|switch|p2a: Oshim khankirpola|Gengar, M|60\/100
|switch|p1a: go robot|Steelix, M|41\/100
|-damage|p2a: Oshim khankirpola|48\/100|[from] Spikes
|-damage|p1a: go robot|29\/100|[from] Spikes
|
|-heal|p2a: Oshim khankirpola|54\/100|[from] item: Leftovers
|-heal|p1a: go robot|35\/100|[from] item: Leftovers
|upkeep
|turn|38
|inactive|neomon has 225 seconds left.
|inactive|RaiyanGotNo3DS has 60 seconds left.
|
|switch|p2a: afrin kp|Skarmory, M|67\/100
|move|p1a: go robot|Earthquake|p2a: afrin kp
|-immune|p2a: afrin kp|[msg]
|
|-heal|p2a: afrin kp|73\/100|[from] item: Leftovers
|-heal|p1a: go robot|41\/100|[from] item: Leftovers
|upkeep
|turn|39
|inactive|RaiyanGotNo3DS has 60 seconds left.
|inactive|neomon has 225 seconds left.
|inactive|RaiyanGotNo3DS has 45 seconds left.
|
|move|p2a: afrin kp|Whirlwind|p1a: go robot
|-fail|p1a: go robot
|move|p1a: go robot|Roar|p2a: afrin kp
|drag|p2a: Arik|Raikou|69\/100 slp
|-damage|p2a: Arik|57\/100 slp|[from] Spikes
|
|-heal|p2a: Arik|63\/100 slp|[from] item: Leftovers
|-heal|p1a: go robot|48\/100|[from] item: Leftovers
|upkeep
|turn|40
|inactive|neomon has 225 seconds left.
|inactive|RaiyanGotNo3DS has 45 seconds left.
|
|switch|p2a: afrin kp|Skarmory, M|73\/100
|move|p1a: go robot|Earthquake|p2a: afrin kp
|-immune|p2a: afrin kp|[msg]
|
|-heal|p2a: afrin kp|79\/100|[from] item: Leftovers
|-heal|p1a: go robot|54\/100|[from] item: Leftovers
|upkeep
|turn|41
|
|move|p2a: afrin kp|Whirlwind|p1a: go robot
|-fail|p1a: go robot
|move|p1a: go robot|Roar|p2a: afrin kp
|drag|p2a: Arik|Raikou|63\/100 slp
|-damage|p2a: Arik|51\/100 slp|[from] Spikes
|
|-heal|p2a: Arik|57\/100 slp|[from] item: Leftovers
|-heal|p1a: go robot|60\/100|[from] item: Leftovers
|upkeep
|turn|42
|inactive|RaiyanGotNo3DS has 60 seconds left.
|inactive|neomon has 225 seconds left.
|inactive|neomon has 210 seconds left.
|inactive|neomon has 195 seconds left.
|inactive|neomon has 180 seconds left.
|
|switch|p2a: afrin kp|Skarmory, M|79\/100
|move|p1a: go robot|Earthquake|p2a: afrin kp
|-immune|p2a: afrin kp|[msg]
|
|-heal|p2a: afrin kp|85\/100|[from] item: Leftovers
|-heal|p1a: go robot|66\/100|[from] item: Leftovers
|upkeep
|turn|43
|inactive|neomon has 180 seconds left.
|
|move|p2a: afrin kp|Whirlwind|p1a: go robot
|-fail|p1a: go robot
|move|p1a: go robot|Roar|p2a: afrin kp
|drag|p2a: Ishtiaq Ali|Snorlax, M|38\/100
|-damage|p2a: Ishtiaq Ali|26\/100|[from] Spikes
|
|-heal|p2a: Ishtiaq Ali|32\/100|[from] item: Leftovers
|-heal|p1a: go robot|72\/100|[from] item: Leftovers
|upkeep
|turn|44
|inactive|neomon has 180 seconds left.
|inactive|neomon has 165 seconds left.
|
|move|p1a: go robot|Earthquake|p2a: Ishtiaq Ali
|-damage|p2a: Ishtiaq Ali|6\/100
|move|p2a: Ishtiaq Ali|Fire Blast|p1a: go robot|[miss]
|-miss|p2a: Ishtiaq Ali
|
|-heal|p1a: go robot|79\/100|[from] item: Leftovers
|-heal|p2a: Ishtiaq Ali|12\/100|[from] item: Leftovers
|upkeep
|turn|45
|inactive|RaiyanGotNo3DS has 75 seconds left.
|inactive|neomon has 165 seconds left.
|inactive|RaiyanGotNo3DS has 60 seconds left.
|
|move|p2a: Ishtiaq Ali|Rest|p2a: Ishtiaq Ali
|-status|p2a: Ishtiaq Ali|slp
|-heal|p2a: Ishtiaq Ali|100\/100 slp|[silent]
|-status|p2a: Ishtiaq Ali|slp|[from] move: Rest
|move|p1a: go robot|Earthquake|p2a: Ishtiaq Ali
|-damage|p2a: Ishtiaq Ali|72\/100 slp
|
|-heal|p2a: Ishtiaq Ali|79\/100 slp|[from] item: Leftovers
|-heal|p1a: go robot|85\/100|[from] item: Leftovers
|upkeep
|turn|46
|inactive|neomon has 165 seconds left.
|inactive|RaiyanGotNo3DS has 60 seconds left.
|
|switch|p1a: by the way|Cloyster, M|67\/100
|-damage|p1a: by the way|55\/100|[from] Spikes
|switch|p2a: afrin kp|Skarmory, M|85\/100
|
|-heal|p1a: by the way|61\/100|[from] item: Leftovers
|-heal|p2a: afrin kp|91\/100|[from] item: Leftovers
|upkeep
|turn|47
|inactive|neomon has 165 seconds left.
|inactive|RaiyanGotNo3DS has 60 seconds left.
|
|move|p1a: by the way|Surf|p2a: afrin kp
|-damage|p2a: afrin kp|56\/100
|move|p2a: afrin kp|Whirlwind|p1a: by the way
|drag|p1a: go robot|Steelix, M|85\/100
|-damage|p1a: go robot|72\/100|[from] Spikes
|
|-heal|p2a: afrin kp|62\/100|[from] item: Leftovers
|-heal|p1a: go robot|79\/100|[from] item: Leftovers
|upkeep
|turn|48
|inactive|neomon has 165 seconds left.
|
|move|p2a: afrin kp|Whirlwind|p1a: go robot
|-fail|p1a: go robot
|move|p1a: go robot|Roar|p2a: afrin kp
|drag|p2a: Dicktutor|Cloyster, M|22\/100
|-damage|p2a: Dicktutor|9\/100|[from] Spikes
|
|-heal|p2a: Dicktutor|15\/100|[from] item: Leftovers
|-heal|p1a: go robot|85\/100|[from] item: Leftovers
|upkeep
|turn|49
|inactive|RaiyanGotNo3DS has 60 seconds left.
|
|switch|p1a: californication|Zapdos|100\/100
|move|p2a: Dicktutor|Explosion|p1a: californication
|-damage|p1a: californication|0 fnt
|faint|p1a: californication
|faint|p2a: Dicktutor
|inactive|RaiyanGotNo3DS has 60 seconds left.
|inactive|neomon has 165 seconds left.
|inactive|neomon has 150 seconds left.
|inactive|neomon has 135 seconds left.
|inactive|neomon has 120 seconds left.
|
|switch|p1a: go robot|Steelix, M|85\/100
|switch|p2a: Oshim khankirpola|Gengar, M|54\/100
|-damage|p2a: Oshim khankirpola|42\/100|[from] Spikes
|-damage|p1a: go robot|72\/100|[from] Spikes
|
|-heal|p2a: Oshim khankirpola|48\/100|[from] item: Leftovers
|-heal|p1a: go robot|79\/100|[from] item: Leftovers
|upkeep
|turn|50
|inactive|RaiyanGotNo3DS has 60 seconds left.
|inactive|RaiyanGotNo3DS has 45 seconds left.
|
|switch|p2a: afrin kp|Skarmory, M|62\/100
|move|p1a: go robot|Earthquake|p2a: afrin kp
|-immune|p2a: afrin kp|[msg]
|
|-heal|p2a: afrin kp|68\/100|[from] item: Leftovers
|-heal|p1a: go robot|85\/100|[from] item: Leftovers
|upkeep
|turn|51
|inactive|RaiyanGotNo3DS has 45 seconds left.
|
|move|p2a: afrin kp|Curse|p2a: afrin kp
|-unboost|p2a: afrin kp|spe|1
|-boost|p2a: afrin kp|atk|1
|-boost|p2a: afrin kp|def|1
|move|p1a: go robot|Roar|p2a: afrin kp
|drag|p2a: Ishtiaq Ali|Snorlax, M|79\/100 slp
|-damage|p2a: Ishtiaq Ali|66\/100 slp|[from] Spikes
|
|-heal|p2a: Ishtiaq Ali|72\/100 slp|[from] item: Leftovers
|-heal|p1a: go robot|91\/100|[from] item: Leftovers
|upkeep
|turn|52
|inactive|neomon has 135 seconds left.
|
|cant|p2a: Ishtiaq Ali|slp
|move|p1a: go robot|Earthquake|p2a: Ishtiaq Ali
|-damage|p2a: Ishtiaq Ali|44\/100 slp
|
|-heal|p1a: go robot|97\/100|[from] item: Leftovers
|-heal|p2a: Ishtiaq Ali|50\/100 slp|[from] item: Leftovers
|upkeep
|turn|53
|
|cant|p2a: Ishtiaq Ali|slp
|move|p1a: go robot|Earthquake|p2a: Ishtiaq Ali
|-damage|p2a: Ishtiaq Ali|26\/100 slp
|
|-heal|p1a: go robot|100\/100|[from] item: Leftovers
|-heal|p2a: Ishtiaq Ali|32\/100 slp|[from] item: Leftovers
|upkeep
|turn|54
|inactive|RaiyanGotNo3DS has 60 seconds left.
|inactive|neomon has 120 seconds left.
|inactive|neomon has 105 seconds left.
|inactive|neomon has 90 seconds left.
|
|-curestatus|p2a: Ishtiaq Ali|slp|[msg]
|move|p2a: Ishtiaq Ali|Rest|p2a: Ishtiaq Ali
|-status|p2a: Ishtiaq Ali|slp
|-heal|p2a: Ishtiaq Ali|100\/100 slp|[silent]
|-status|p2a: Ishtiaq Ali|slp|[from] move: Rest
|move|p1a: go robot|Earthquake|p2a: Ishtiaq Ali
|-damage|p2a: Ishtiaq Ali|72\/100 slp
|
|-heal|p2a: Ishtiaq Ali|79\/100 slp|[from] item: Leftovers
|upkeep
|turn|55
|inactive|RaiyanGotNo3DS has 60 seconds left.
|inactive|neomon has 90 seconds left.
|
|switch|p2a: afrin kp|Skarmory, M|68\/100
|switch|p1a: by the way|Cloyster, M|61\/100
|-damage|p1a: by the way|48\/100|[from] Spikes
|
|-heal|p2a: afrin kp|74\/100|[from] item: Leftovers
|-heal|p1a: by the way|54\/100|[from] item: Leftovers
|upkeep
|turn|56
|inactive|RaiyanGotNo3DS has 45 seconds left.
|
|move|p1a: by the way|Surf|p2a: afrin kp
|-crit|p2a: afrin kp
|-damage|p2a: afrin kp|0 fnt
|faint|p2a: afrin kp
|
|switch|p2a: Oshim khankirpola|Gengar, M|48\/100
|-damage|p2a: Oshim khankirpola|35\/100|[from] Spikes
|
|-heal|p2a: Oshim khankirpola|42\/100|[from] item: Leftovers
|-heal|p1a: by the way|60\/100|[from] item: Leftovers
|upkeep
|turn|57
|inactive|RaiyanGotNo3DS has 45 seconds left.
|inactive|neomon has 105 seconds left.
|inactive|neomon has 90 seconds left.
|
|switch|p1a: go robot|Steelix, M|100\/100
|-damage|p1a: go robot|88\/100|[from] Spikes
|move|p2a: Oshim khankirpola|Thunderbolt|p1a: go robot
|-immune|p1a: go robot|[msg]
|
|-heal|p2a: Oshim khankirpola|48\/100|[from] item: Leftovers
|-heal|p1a: go robot|94\/100|[from] item: Leftovers
|upkeep
|turn|58
|inactive|neomon has 90 seconds left.
|
|switch|p2a: Ishtiaq Ali|Snorlax, M|79\/100 slp
|-damage|p2a: Ishtiaq Ali|66\/100 slp|[from] Spikes
|switch|p1a: by the way|Cloyster, M|60\/100
|-damage|p1a: by the way|48\/100|[from] Spikes
|
|-heal|p1a: by the way|54\/100|[from] item: Leftovers
|-heal|p2a: Ishtiaq Ali|72\/100 slp|[from] item: Leftovers
|upkeep
|turn|59
|inactive|RaiyanGotNo3DS has 45 seconds left.
|inactive|RaiyanGotNo3DS has 30 seconds left.
|inactive|RaiyanGotNo3DS has 20 seconds left.
|inactive|RaiyanGotNo3DS has 15 seconds left.
|inactive|RaiyanGotNo3DS has 10 seconds left.
|
|switch|p2a: Oshim khankirpola|Gengar, M|48\/100
|-damage|p2a: Oshim khankirpola|35\/100|[from] Spikes
|move|p1a: by the way|Surf|p2a: Oshim khankirpola
|-damage|p2a: Oshim khankirpola|0 fnt
|faint|p2a: Oshim khankirpola
|inactive|RaiyanGotNo3DS has 15 seconds left.
|
|switch|p2a: Arik|Raikou|57\/100 slp
|-damage|p2a: Arik|44\/100 slp|[from] Spikes
|
|-heal|p2a: Arik|50\/100 slp|[from] item: Leftovers
|-heal|p1a: by the way|60\/100|[from] item: Leftovers
|upkeep
|turn|60
|inactive|RaiyanGotNo3DS has 20 seconds left.
|
|cant|p2a: Arik|slp
|move|p1a: by the way|Surf|p2a: Arik
|-damage|p2a: Arik|22\/100 slp
|
|-heal|p2a: Arik|28\/100 slp|[from] item: Leftovers
|-heal|p1a: by the way|66\/100|[from] item: Leftovers
|upkeep
|turn|61
|inactive|neomon has 105 seconds left.
|inactive|RaiyanGotNo3DS has 20 seconds left.
|inactive|neomon has 90 seconds left.
|inactive|neomon has 75 seconds left.
|
|switch|p2a: Ishtiaq Ali|Snorlax, M|72\/100 slp
|-damage|p2a: Ishtiaq Ali|60\/100 slp|[from] Spikes
|move|p1a: by the way|Explosion|p2a: Ishtiaq Ali
|-damage|p2a: Ishtiaq Ali|0 fnt
|faint|p2a: Ishtiaq Ali
|faint|p1a: by the way
|inactive|RaiyanGotNo3DS has 20 seconds left.
|
|switch|p1a: go robot|Steelix, M|94\/100
|switch|p2a: Arik|Raikou|28\/100 slp
|-damage|p2a: Arik|15\/100 slp|[from] Spikes
|-damage|p1a: go robot|82\/100|[from] Spikes
|
|-heal|p2a: Arik|21\/100 slp|[from] item: Leftovers
|-heal|p1a: go robot|88\/100|[from] item: Leftovers
|upkeep
|turn|62
|c|☆neomon|Sorry for the bs
|inactive|RaiyanGotNo3DS has 20 seconds left.
|inactive|RaiyanGotNo3DS has 15 seconds left.
|c|☆RaiyanGotNo3DS|ya this is a bs tier anyway 
|inactive|RaiyanGotNo3DS has 10 seconds left.
|
|cant|p2a: Arik|slp
|move|p1a: go robot|Explosion|p2a: Arik
|-damage|p2a: Arik|0 fnt
|faint|p2a: Arik
|faint|p1a: go robot
|
|win|neomon
</script>
</div>
<div class="battle-log battle-log-inline"><div class="inner"><div class="battle-options"></div><div class="inner"><div class="chat message-error">Battle timer is ON: inactive players will automatically lose when time's up.</div><div class=""><small>Format:</small> <br><strong>[Gen 2] OU</strong></div><div class=""><small><em>Sleep Clause Mod:</em> Limit one foe put to sleep</small></div><div class=""><small><em>Freeze Clause Mod:</em> Limit one foe frozen</small></div><div class=""><small><em>Species Clause:</em> Limit one of each Pokémon</small></div><div class=""><small><em>OHKO Clause:</em> OHKO moves are banned</small></div><div class=""><small><em>Evasion Moves Clause:</em> Evasion moves are banned</small></div><div class=""><small><em>HP Percentage Mod:</em> HP is shown in percentages</small></div><div class="spacer battle-history"><br></div><div class="battle-history">Battle started between neomon and RaiyanGotNo3DS!<br></div><div class="spacer battle-history"><br></div><div class="battle-history">Go! californication (<strong>Zapdos</strong>)!<br></div><div class="spacer battle-history"><br></div><div class="battle-history">RaiyanGotNo3DS sent out Ishtiaq Ali (<strong>Snorlax</strong>)!<br></div><div class="spacer battle-history"><br></div><h2 class="battle-history">Turn 1</h2><div class="chat chatmessage-neomon"><strong style="color:#d21e21"><small>☆</small><span class="username" data-name="neomon">neomon</span>:</strong> <em>Hf </em></div><div class="spacer battle-history"><br></div><div class="battle-history">RaiyanGotNo3DS withdrew Ishtiaq Ali!<br></div><div class="battle-history">RaiyanGotNo3DS sent out Arik (<strong>Raikou</strong>)!<br></div><div class="spacer battle-history"><br></div><div class="battle-history">californication used <strong>Thunder</strong>!<br></div><div class="battle-history"><small>It's not very effective...</small><br></div><div class="battle-history"><small>(The opposing Arik lost 22% of its health!)</small><br></div><div class="spacer battle-history"><br></div><div class="battle-history"><small>The opposing Arik restored a little HP using its Leftovers!</small><br></div><div class="spacer battle-history"><br></div><h2 class="battle-history">Turn 2</h2><div class="chat chatmessage-raiyangotno3ds"><strong style="color:#2ea785"><small>☆</small><span class="username" data-name="RaiyanGotNo3DS">RaiyanGotNo3DS</span>:</strong> <em>u2</em></div><div class="chat chatmessage-tehdicktutor"><strong style="color:#199dc9"><small>+</small><span class="username" data-name="tehDICKtutor">tehDICKtutor</span>:</strong> <em>bhotkachoda &lt;3 </em></div><div class="spacer battle-history"><br></div><div class="battle-history">californication, come back!<br></div><div class="battle-history">Go! go robot (<strong>Steelix</strong>)!<br></div><div class="spacer battle-history"><br></div><div class="battle-history">The opposing Arik used <strong>Reflect</strong>!<br></div><div class="battle-history"><small>Reflect made the opposing team stronger against physical moves!</small><br></div><div class="spacer battle-history"><br></div><div class="battle-history"><small>The opposing Arik restored a little HP using its Leftovers!</small><br></div><div class="spacer battle-history"><br></div><h2 class="battle-history">Turn 3</h2><div class="spacer battle-history"><br></div><div class="battle-history">RaiyanGotNo3DS withdrew Arik!<br></div><div class="battle-history">RaiyanGotNo3DS sent out Dicktutor (<strong>Cloyster</strong>)!<br></div><div class="spacer battle-history"><br></div><div class="battle-history">go robot used <strong>Roar</strong>!<br></div><div class="spacer battle-history"><br></div><div class="battle-history">Ishtiaq Ali (<strong>Snorlax</strong>) was dragged out!<br></div><div class="spacer battle-history"><br></div><h2 class="battle-history">Turn 4</h2><div class="spacer battle-history"><br></div><div class="battle-history">go robot, come back!<br></div><div class="battle-history">Go! can't stop (<strong>Snorlax</strong>)!<br></div><div class="spacer battle-history"><br></div><div class="battle-history">RaiyanGotNo3DS withdrew Ishtiaq Ali!<br></div><div class="battle-history">RaiyanGotNo3DS sent out Dicktutor (<strong>Cloyster</strong>)!<br></div><div class="spacer battle-history"><br></div><h2 class="battle-history">Turn 5</h2><div class="spacer battle-history"><br></div><div class="battle-history">The opposing Dicktutor used <strong>Spikes</strong>!<br></div><div class="battle-history"><small>Spikes were scattered on the ground all around your team!</small><br></div><div class="spacer battle-history"><br></div><div class="battle-history">can't stop used <strong>Thunder</strong>!<br></div><div class="battle-history"><small>can't stop's attack missed!</small><br></div><div class="spacer battle-history"><br></div><h2 class="battle-history">Turn 6</h2><div class="chat message-error">RaiyanGotNo3DS has 285 seconds left.</div><div class="spacer battle-history"><br></div><div class="battle-history">RaiyanGotNo3DS withdrew Dicktutor!<br></div><div class="battle-history">RaiyanGotNo3DS sent out Ishtiaq Ali (<strong>Snorlax</strong>)!<br></div><div class="spacer battle-history"><br></div><div class="battle-history">can't stop used <strong>Double-Edge</strong>!<br></div><div class="battle-history"><small>A critical hit!</small><br></div><div class="battle-history"><small>(The opposing Ishtiaq Ali lost 74% of its health!)</small><br></div><div class="battle-history"><small>can't stop was damaged by the recoil!</small><br></div><div class="spacer battle-history"><br></div><div class="battle-history"><small>can't stop restored a little HP using its Leftovers!</small><br></div><div class="battle-history"><small>The opposing Ishtiaq Ali restored a little HP using its Leftovers!</small><br></div><div class="battle-history"><small>The opposing team's Reflect wore off!</small><br></div><div class="spacer battle-history"><br></div><h2 class="battle-history">Turn 7</h2><div class="chat message-error">RaiyanGotNo3DS has 285 seconds left.</div><div class="chat message-error">RaiyanGotNo3DS has 270 seconds left.</div><div class="chat message-error">RaiyanGotNo3DS has 255 seconds left.</div><div class="chat message-error">RaiyanGotNo3DS has 240 seconds left.</div><div class="spacer battle-history"><br></div><div class="battle-history">RaiyanGotNo3DS withdrew Ishtiaq Ali!<br></div><div class="battle-history">RaiyanGotNo3DS sent out Dicktutor (<strong>Cloyster</strong>)!<br></div><div class="spacer battle-history"><br></div><div class="battle-history">can't stop used <strong>Double-Edge</strong>!<br></div><div class="battle-history"><small>(The opposing Dicktutor lost 34% of its health!)</small><br></div><div class="battle-history"><small>can't stop was damaged by the recoil!</small><br></div><div class="spacer battle-history"><br></div><div class="battle-history"><small>The opposing Dicktutor restored a little HP using its Leftovers!</small><br></div><div class="battle-history"><small>can't stop restored a little HP using its Leftovers!</small><br></div><div class="spacer battle-history"><br></div><h2 class="battle-history">Turn 8</h2><div class="chat message-error">RaiyanGotNo3DS has 255 seconds left.</div><div class="chat message-error">neomon has 285 seconds left.</div><div class="chat message-error">RaiyanGotNo3DS has 240 seconds left.</div><div class="chat message-error">RaiyanGotNo3DS has 225 seconds left.</div><div class="spacer battle-history"><br></div><div class="battle-history">RaiyanGotNo3DS withdrew Dicktutor!<br></div><div class="battle-history">RaiyanGotNo3DS sent out Ishtiaq Ali (<strong>Snorlax</strong>)!<br></div><div class="spacer battle-history"><br></div><div class="battle-history">can't stop, come back!<br></div><div class="battle-history">Go! dark necessities (<strong>Gengar</strong>)!<br></div><div class="battle-history"><small>dark necessities was hurt by the spikes!</small><br></div><div class="spacer battle-history"><br></div><div class="battle-history"><small>dark necessities restored a little HP using its Leftovers!</small><br></div><div class="battle-history"><small>The opposing Ishtiaq Ali restored a little HP using its Leftovers!</small><br></div><div class="spacer battle-history"><br></div><h2 class="battle-history">Turn 9</h2><div class="chat message-error">RaiyanGotNo3DS has 225 seconds left.</div><div class="chat message-error">RaiyanGotNo3DS has 210 seconds left.</div><div class="spacer battle-history"><br></div><div class="battle-history">RaiyanGotNo3DS withdrew Ishtiaq Ali!<br></div><div class="battle-history">RaiyanGotNo3DS sent out Afsin (<strong>Zapdos</strong>)!<br></div><div class="spacer battle-history"><br></div><div class="battle-history">dark necessities used <strong>Hypnosis</strong>!<br></div><div class="battle-history"><small>The opposing Afsin fell asleep!</small><br></div><div class="spacer battle-history"><br></div><div class="battle-history"><small>dark necessities restored a little HP using its Leftovers!</small><br></div><div class="spacer battle-history"><br></div><h2 class="battle-history">Turn 10</h2><div class="chat message-error">RaiyanGotNo3DS has 210 seconds left.</div><div class="spacer battle-history"><br></div><div class="battle-history">dark necessities, come back!<br></div><div class="battle-history">Go! can't stop (<strong>Snorlax</strong>)!<br></div><div class="battle-history"><small>can't stop was hurt by the spikes!</small><br></div><div class="spacer battle-history"><br></div><div class="battle-history">The opposing Afsin is fast asleep.<br></div><div class="spacer battle-history"><br></div><div class="battle-history">The opposing Afsin used <strong>Sleep Talk</strong>!<br></div><div class="spacer battle-history"><br></div><div class="battle-history">The opposing Afsin used <strong>Rest</strong>!<br></div><div class="battle-history"><small>But it failed!</small><br></div><div class="spacer battle-history"><br></div><div class="battle-history"><small>can't stop restored a little HP using its Leftovers!</small><br></div><div class="spacer battle-history"><br></div><h2 class="battle-history">Turn 11</h2><div class="spacer battle-history"><br></div><div class="battle-history"><small>The opposing Afsin woke up!</small><br></div><div class="spacer battle-history"><br></div><div class="battle-history">The opposing Afsin used <strong>Sleep Talk</strong>!<br></div><div class="battle-history"><small>But it failed!</small><br></div><div class="spacer battle-history"><br></div><div class="battle-history">can't stop used <strong>Double-Edge</strong>!<br></div><div class="battle-history"><small>(The opposing Afsin lost 46% of its health!)</small><br></div><div class="battle-history"><small>can't stop was damaged by the recoil!</small><br></div><div class="spacer battle-history"><br></div><div class="battle-history"><small>The opposing Afsin restored a little HP using its Leftovers!</small><br></div><div class="battle-history"><small>can't stop restored a little HP using its Leftovers!</small><br></div><div class="spacer battle-history"><br></div><h2 class="battle-history">Turn 12</h2><div class="spacer battle-history"><br></div><div class="battle-history">The opposing Afsin used <strong>Thunder</strong>!<br></div><div class="battle-history"><small>(can't stop lost 27% of its health!)</small><br></div><div class="spacer battle-history"><br></div><div class="battle-history">can't stop used <strong>Double-Edge</strong>!<br></div><div class="battle-history"><small>(The opposing Afsin lost 41% of its health!)</small><br></div><div class="battle-history"><small>can't stop was damaged by the recoil!</small><br></div><div class="spacer battle-history"><br></div><div class="battle-history"><small>The opposing Afsin restored a little HP using its Leftovers!</small><br></div><div class="battle-history"><small>can't stop restored a little HP using its Leftovers!</small><br></div><div class="spacer battle-history"><br></div><h2 class="battle-history">Turn 13</h2><div class="chat message-error">neomon has 285 seconds left.</div><div class="spacer battle-history"><br></div><div class="battle-history">can't stop, come back!<br></div><div class="battle-history">Go! go robot (<strong>Steelix</strong>)!<br></div><div class="battle-history"><small>go robot was hurt by the spikes!</small><br></div><div class="spacer battle-history"><br></div><div class="battle-history">The opposing Afsin used <strong>Rest</strong>!<br></div><div class="battle-history"><small>The opposing Afsin fell asleep!</small><br></div><div class="battle-history"><small>The opposing Afsin slept and became healthy!</small><br></div><div class="spacer battle-history"><br></div><div class="battle-history"><small>go robot restored a little HP using its Leftovers!</small><br></div><div class="spacer battle-history"><br></div><h2 class="battle-history">Turn 14</h2><div class="chat message-error">RaiyanGotNo3DS has 210 seconds left.</div><div class="spacer battle-history"><br></div><div class="battle-history">The opposing Afsin is fast asleep.<br></div><div class="spacer battle-history"><br></div><div class="battle-history">The opposing Afsin used <strong>Sleep Talk</strong>!<br></div><div class="spacer battle-history"><br></div><div class="battle-history">The opposing Afsin used <strong>Hidden Power</strong>!<br></div><div class="battle-history"><small>(go robot lost 22% of its health!)</small><br></div><div class="spacer battle-history"><br></div><div class="battle-history">go robot used <strong>Curse</strong>!<br></div><div class="battle-history"><small>go robot's Speed fell!</small><br></div><div class="battle-history"><small>go robot's Attack rose!</small><br></div><div class="battle-history"><small>go robot's Defense rose!</small><br></div><div class="spacer battle-history"><br></div><div class="battle-history"><small>go robot restored a little HP using its Leftovers!</small><br></div><div class="spacer battle-history"><br></div><h2 class="battle-history">Turn 15</h2><div class="chat message-error">neomon has 285 seconds left.</div><div class="chat message-error">RaiyanGotNo3DS has 195 seconds left.</div><div class="chat message-error">neomon has 270 seconds left.</div><div class="chat message-error">neomon has 255 seconds left.</div><div class="chat message-error">RaiyanGotNo3DS has 180 seconds left.</div><div class="chat message-error">RaiyanGotNo3DS has 165 seconds left.</div><div class="chat message-error">RaiyanGotNo3DS has 150 seconds left.</div><div class="spacer battle-history"><br></div><div class="battle-history">RaiyanGotNo3DS withdrew Afsin!<br></div><div class="battle-history">RaiyanGotNo3DS sent out Dicktutor (<strong>Cloyster</strong>)!<br></div><div class="spacer battle-history"><br></div><div class="battle-history">go robot used <strong>Earthquake</strong>!<br></div><div class="battle-history"><small>A critical hit!</small><br></div><div class="battle-history"><small>(The opposing Dicktutor lost 62% of its health!)</small><br></div><div class="spacer battle-history"><br></div><div class="battle-history"><small>The opposing Dicktutor restored a little HP using its Leftovers!</small><br></div><div class="battle-history"><small>go robot restored a little HP using its Leftovers!</small><br></div><div class="spacer battle-history"><br></div><h2 class="battle-history">Turn 16</h2><div class="spacer battle-history"><br></div><div class="battle-history">go robot, come back!<br></div><div class="battle-history">Go! by the way (<strong>Cloyster</strong>)!<br></div><div class="battle-history"><small>by the way was hurt by the spikes!</small><br></div><div class="spacer battle-history"><br></div><div class="battle-history">The opposing Dicktutor used <strong>Surf</strong>!<br></div><div class="battle-history"><small>It's not very effective...</small><br></div><div class="battle-history"><small>(by the way lost 26% of its health!)</small><br></div><div class="spacer battle-history"><br></div><div class="battle-history"><small>by the way restored a little HP using its Leftovers!</small><br></div><div class="battle-history"><small>The opposing Dicktutor restored a little HP using its Leftovers!</small><br></div><div class="spacer battle-history"><br></div><h2 class="battle-history">Turn 17</h2><div class="chat message-error">RaiyanGotNo3DS has 135 seconds left.</div><div class="chat message-error">RaiyanGotNo3DS has 120 seconds left.</div><div class="spacer battle-history"><br></div><div class="battle-history">RaiyanGotNo3DS withdrew Dicktutor!<br></div><div class="battle-history">RaiyanGotNo3DS sent out Oshim khankirpola (<strong>Gengar</strong>)!<br></div><div class="spacer battle-history"><br></div><div class="battle-history">by the way used <strong>Spikes</strong>!<br></div><div class="battle-history"><small>Spikes were scattered on the ground all around the opposing team!</small><br></div><div class="spacer battle-history"><br></div><div class="battle-history"><small>by the way restored a little HP using its Leftovers!</small><br></div><div class="spacer battle-history"><br></div><h2 class="battle-history">Turn 18</h2><div class="chat message-error">neomon has 285 seconds left.</div><div class="spacer battle-history"><br></div><div class="battle-history">by the way, come back!<br></div><div class="battle-history">Go! go robot (<strong>Steelix</strong>)!<br></div><div class="battle-history"><small>go robot was hurt by the spikes!</small><br></div><div class="spacer battle-history"><br></div><div class="battle-history">The opposing Oshim khankirpola used <strong>Thunderbolt</strong>!<br></div><div class="battle-history"><small>It doesn't affect go robot...</small><br></div><div class="spacer battle-history"><br></div><div class="battle-history"><small>go robot restored a little HP using its Leftovers!</small><br></div><div class="spacer battle-history"><br></div><h2 class="battle-history">Turn 19</h2><div class="chat message-error">RaiyanGotNo3DS has 120 seconds left.</div><div class="chat message-error">RaiyanGotNo3DS has 105 seconds left.</div><div class="spacer battle-history"><br></div><div class="battle-history">RaiyanGotNo3DS withdrew Oshim khankirpola!<br></div><div class="battle-history">RaiyanGotNo3DS sent out afrin kp (<strong>Skarmory</strong>)!<br></div><div class="spacer battle-history"><br></div><div class="battle-history">go robot used <strong>Earthquake</strong>!<br></div><div class="battle-history"><small>It doesn't affect the opposing afrin kp...</small><br></div><div class="spacer battle-history"><br></div><div class="battle-history"><small>go robot restored a little HP using its Leftovers!</small><br></div><div class="spacer battle-history"><br></div><h2 class="battle-history">Turn 20</h2><div class="spacer battle-history"><br></div><div class="battle-history">The opposing afrin kp used <strong>Whirlwind</strong>!<br></div><div class="battle-history"><small>But it failed!</small><br></div><div class="spacer battle-history"><br></div><div class="battle-history">go robot used <strong>Roar</strong>!<br></div><div class="spacer battle-history"><br></div><div class="battle-history">Arik (<strong>Raikou</strong>) was dragged out!<br></div><div class="battle-history"><small>The opposing Arik was hurt by the spikes!</small><br></div><div class="spacer battle-history"><br></div><div class="battle-history"><small>The opposing Arik restored a little HP using its Leftovers!</small><br></div><div class="battle-history"><small>go robot restored a little HP using its Leftovers!</small><br></div><div class="spacer battle-history"><br></div><h2 class="battle-history">Turn 21</h2><div class="chat message-error">RaiyanGotNo3DS has 105 seconds left.</div><div class="chat message-error">RaiyanGotNo3DS has 90 seconds left.</div><div class="spacer battle-history"><br></div><div class="battle-history">The opposing Arik used <strong>Reflect</strong>!<br></div><div class="battle-history"><small>Reflect made the opposing team stronger against physical moves!</small><br></div><div class="spacer battle-history"><br></div><div class="battle-history">go robot used <strong>Earthquake</strong>!<br></div><div class="battle-history"><small>It's super effective!</small><br></div><div class="battle-history"><small>(The opposing Arik lost 36% of its health!)</small><br></div><div class="spacer battle-history"><br></div><div class="battle-history"><small>The opposing Arik restored a little HP using its Leftovers!</small><br></div><div class="battle-history"><small>go robot restored a little HP using its Leftovers!</small><br></div><div class="spacer battle-history"><br></div><h2 class="battle-history">Turn 22</h2><div class="chat message-error">RaiyanGotNo3DS has 90 seconds left.</div><div class="chat message-error">neomon has 285 seconds left.</div><div class="chat message-error">neomon has 270 seconds left.</div><div class="chat message-error">neomon has 255 seconds left.</div><div class="spacer battle-history"><br></div><div class="battle-history">The opposing Arik used <strong>Hidden Power</strong>!<br></div><div class="battle-history"><small>It's super effective!</small><br></div><div class="battle-history"><small>(go robot lost 48% of its health!)</small><br></div><div class="spacer battle-history"><br></div><div class="battle-history">go robot used <strong>Earthquake</strong>!<br></div><div class="battle-history"><small>It's super effective!</small><br></div><div class="battle-history"><small>(The opposing Arik lost 33% of its health!)</small><br></div><div class="spacer battle-history"><br></div><div class="battle-history"><small>The opposing Arik restored a little HP using its Leftovers!</small><br></div><div class="battle-history"><small>go robot restored a little HP using its Leftovers!</small><br></div><div class="spacer battle-history"><br></div><h2 class="battle-history">Turn 23</h2><div class="chat message-error">RaiyanGotNo3DS has 90 seconds left.</div><div class="chat message-error">neomon has 255 seconds left.</div><div class="spacer battle-history"><br></div><div class="battle-history">The opposing Arik used <strong>Rest</strong>!<br></div><div class="battle-history"><small>The opposing Arik fell asleep!</small><br></div><div class="battle-history"><small>The opposing Arik slept and became healthy!</small><br></div><div class="spacer battle-history"><br></div><div class="battle-history">go robot used <strong>Earthquake</strong>!<br></div><div class="battle-history"><small>It's super effective!</small><br></div><div class="battle-history"><small>(The opposing Arik lost 37% of its health!)</small><br></div><div class="spacer battle-history"><br></div><div class="battle-history"><small>The opposing Arik restored a little HP using its Leftovers!</small><br></div><div class="battle-history"><small>go robot restored a little HP using its Leftovers!</small><br></div><div class="spacer battle-history"><br></div><h2 class="battle-history">Turn 24</h2><div class="spacer battle-history"><br></div><div class="battle-history">RaiyanGotNo3DS withdrew Arik!<br></div><div class="battle-history">RaiyanGotNo3DS sent out afrin kp (<strong>Skarmory</strong>)!<br></div><div class="spacer battle-history"><br></div><div class="battle-history">go robot used <strong>Earthquake</strong>!<br></div><div class="battle-history"><small>It doesn't affect the opposing afrin kp...</small><br></div><div class="spacer battle-history"><br></div><div class="battle-history"><small>go robot restored a little HP using its Leftovers!</small><br></div><div class="spacer battle-history"><br></div><h2 class="battle-history">Turn 25</h2><div class="chat message-error">RaiyanGotNo3DS has 90 seconds left.</div><div class="spacer battle-history"><br></div><div class="battle-history">go robot used <strong>Curse</strong>!<br></div><div class="battle-history"><small>go robot's Speed fell!</small><br></div><div class="battle-history"><small>go robot's Attack rose!</small><br></div><div class="battle-history"><small>go robot's Defense rose!</small><br></div><div class="spacer battle-history"><br></div><div class="battle-history">The opposing afrin kp used <strong>Whirlwind</strong>!<br></div><div class="spacer battle-history"><br></div><div class="battle-history">by the way (<strong>Cloyster</strong>) was dragged out!<br></div><div class="battle-history"><small>by the way was hurt by the spikes!</small><br></div><div class="spacer battle-history"><br></div><div class="battle-history"><small>by the way restored a little HP using its Leftovers!</small><br></div><div class="battle-history"><small>The opposing team's Reflect wore off!</small><br></div><div class="spacer battle-history"><br></div><h2 class="battle-history">Turn 26</h2><div class="chat message-error">RaiyanGotNo3DS has 90 seconds left.</div><div class="chat message-error">neomon has 270 seconds left.</div><div class="spacer battle-history"><br></div><div class="battle-history">RaiyanGotNo3DS withdrew afrin kp!<br></div><div class="battle-history">RaiyanGotNo3DS sent out Oshim khankirpola (<strong>Gengar</strong>)!<br></div><div class="battle-history"><small>The opposing Oshim khankirpola was hurt by the spikes!</small><br></div><div class="spacer battle-history"><br></div><div class="battle-history">by the way used <strong>Surf</strong>!<br></div><div class="battle-history"><small>(The opposing Oshim khankirpola lost 40% of its health!)</small><br></div><div class="spacer battle-history"><br></div><div class="battle-history"><small>The opposing Oshim khankirpola restored a little HP using its Leftovers!</small><br></div><div class="battle-history"><small>by the way restored a little HP using its Leftovers!</small><br></div><div class="spacer battle-history"><br></div><h2 class="battle-history">Turn 27</h2><div class="chat message-error">RaiyanGotNo3DS has 90 seconds left.</div><div class="spacer battle-history"><br></div><div class="battle-history">by the way, come back!<br></div><div class="battle-history">Go! go robot (<strong>Steelix</strong>)!<br></div><div class="battle-history"><small>go robot was hurt by the spikes!</small><br></div><div class="spacer battle-history"><br></div><div class="battle-history">The opposing Oshim khankirpola used <strong>Dynamic Punch</strong>!<br></div><div class="battle-history"><small>It's super effective!</small><br></div><div class="battle-history"><small>(go robot lost 20% of its health!)</small><br></div><div class="battle-history"><small>go robot became confused!</small><br></div><div class="spacer battle-history"><br></div><div class="battle-history"><small>The opposing Oshim khankirpola restored a little HP using its Leftovers!</small><br></div><div class="battle-history"><small>go robot restored a little HP using its Leftovers!</small><br></div><div class="spacer battle-history"><br></div><h2 class="battle-history">Turn 28</h2><div class="chat message-error">RaiyanGotNo3DS has 90 seconds left.</div><div class="chat message-error">RaiyanGotNo3DS has 75 seconds left.</div><div class="chat message-error">RaiyanGotNo3DS has 60 seconds left.</div><div class="chat message-error">RaiyanGotNo3DS has 45 seconds left.</div><div class="spacer battle-history"><br></div><div class="battle-history">RaiyanGotNo3DS withdrew Oshim khankirpola!<br></div><div class="battle-history">RaiyanGotNo3DS sent out afrin kp (<strong>Skarmory</strong>)!<br></div><div class="spacer battle-history"><br></div><div class="battle-history">go robot, come back!<br></div><div class="battle-history">Go! by the way (<strong>Cloyster</strong>)!<br></div><div class="battle-history"><small>by the way was hurt by the spikes!</small><br></div><div class="spacer battle-history"><br></div><div class="battle-history"><small>by the way restored a little HP using its Leftovers!</small><br></div><div class="spacer battle-history"><br></div><h2 class="battle-history">Turn 29</h2><div class="chat message-error">RaiyanGotNo3DS has 45 seconds left.</div><div class="spacer battle-history"><br></div><div class="battle-history">by the way used <strong>Surf</strong>!<br></div><div class="battle-history"><small>(The opposing afrin kp lost 39% of its health!)</small><br></div><div class="spacer battle-history"><br></div><div class="battle-history">The opposing afrin kp used <strong>Whirlwind</strong>!<br></div><div class="spacer battle-history"><br></div><div class="battle-history">dark necessities (<strong>Gengar</strong>) was dragged out!<br></div><div class="battle-history"><small>dark necessities was hurt by the spikes!</small><br></div><div class="spacer battle-history"><br></div><div class="battle-history"><small>dark necessities restored a little HP using its Leftovers!</small><br></div><div class="battle-history"><small>The opposing afrin kp restored a little HP using its Leftovers!</small><br></div><div class="spacer battle-history"><br></div><h2 class="battle-history">Turn 30</h2><div class="chat message-error">neomon has 285 seconds left.</div><div class="chat message-error">RaiyanGotNo3DS has 45 seconds left.</div><div class="chat message-error">RaiyanGotNo3DS has 30 seconds left.</div><div class="spacer battle-history"><br></div><div class="battle-history">RaiyanGotNo3DS withdrew afrin kp!<br></div><div class="battle-history">RaiyanGotNo3DS sent out Afsin (<strong>Zapdos</strong>)!<br></div><div class="spacer battle-history"><br></div><div class="battle-history">dark necessities used <strong>Ice Punch</strong>!<br></div><div class="battle-history"><small>It's super effective!</small><br></div><div class="battle-history"><small>(The opposing Afsin lost 40% of its health!)</small><br></div><div class="spacer battle-history"><br></div><div class="battle-history"><small>dark necessities restored a little HP using its Leftovers!</small><br></div><div class="battle-history"><small>The opposing Afsin restored a little HP using its Leftovers!</small><br></div><div class="spacer battle-history"><br></div><h2 class="battle-history">Turn 31</h2><div class="chat message-error">neomon has 285 seconds left.</div><div class="chat message-error">RaiyanGotNo3DS has 30 seconds left.</div><div class="spacer battle-history"><br></div><div class="battle-history">dark necessities used <strong>Ice Punch</strong>!<br></div><div class="battle-history"><small>It's super effective!</small><br></div><div class="battle-history"><small>(The opposing Afsin lost 41% of its health!)</small><br></div><div class="spacer battle-history"><br></div><div class="battle-history">The opposing Afsin is fast asleep.<br></div><div class="spacer battle-history"><br></div><div class="battle-history">The opposing Afsin used <strong>Sleep Talk</strong>!<br></div><div class="spacer battle-history"><br></div><div class="battle-history">The opposing Afsin used <strong>Rest</strong>!<br></div><div class="battle-history"><small>The opposing Afsin slept and became healthy!</small><br></div><div class="spacer battle-history"><br></div><h2 class="battle-history">Turn 32</h2><div class="chat message-error">neomon has 285 seconds left.</div><div class="spacer battle-history"><br></div><div class="battle-history">dark necessities used <strong>Ice Punch</strong>!<br></div><div class="battle-history"><small>It's super effective!</small><br></div><div class="battle-history"><small>(The opposing Afsin lost 38% of its health!)</small><br></div><div class="spacer battle-history"><br></div><div class="battle-history">The opposing Afsin is fast asleep.<br></div><div class="spacer battle-history"><br></div><div class="battle-history">The opposing Afsin used <strong>Sleep Talk</strong>!<br></div><div class="spacer battle-history"><br></div><div class="battle-history">The opposing Afsin used <strong>Rest</strong>!<br></div><div class="battle-history"><small>The opposing Afsin slept and became healthy!</small><br></div><div class="spacer battle-history"><br></div><h2 class="battle-history">Turn 33</h2><div class="spacer battle-history"><br></div><div class="battle-history">dark necessities used <strong>Ice Punch</strong>!<br></div><div class="battle-history"><small>It's super effective!</small><br></div><div class="battle-history"><small>(The opposing Afsin lost 40% of its health!)</small><br></div><div class="spacer battle-history"><br></div><div class="battle-history">The opposing Afsin is fast asleep.<br></div><div class="spacer battle-history"><br></div><div class="battle-history">The opposing Afsin used <strong>Sleep Talk</strong>!<br></div><div class="spacer battle-history"><br></div><div class="battle-history">The opposing Afsin used <strong>Thunder</strong>!<br></div><div class="battle-history"><small>(dark necessities lost 56% of its health!)</small><br></div><div class="spacer battle-history"><br></div><div class="battle-history"><small>dark necessities restored a little HP using its Leftovers!</small><br></div><div class="battle-history"><small>The opposing Afsin restored a little HP using its Leftovers!</small><br></div><div class="spacer battle-history"><br></div><h2 class="battle-history">Turn 34</h2><div class="chat message-error">RaiyanGotNo3DS has 45 seconds left.</div><div class="spacer battle-history"><br></div><div class="battle-history">dark necessities used <strong>Ice Punch</strong>!<br></div><div class="battle-history"><small>It's super effective!</small><br></div><div class="battle-history"><small>(The opposing Afsin lost 39% of its health!)</small><br></div><div class="spacer battle-history"><br></div><div class="battle-history">The opposing Afsin is fast asleep.<br></div><div class="spacer battle-history"><br></div><div class="battle-history">The opposing Afsin used <strong>Sleep Talk</strong>!<br></div><div class="spacer battle-history"><br></div><div class="battle-history">The opposing Afsin used <strong>Rest</strong>!<br></div><div class="battle-history"><small>The opposing Afsin slept and became healthy!</small><br></div><div class="spacer battle-history"><br></div><div class="battle-history"><small>dark necessities restored a little HP using its Leftovers!</small><br></div><div class="spacer battle-history"><br></div><h2 class="battle-history">Turn 35</h2><div class="spacer battle-history"><br></div><div class="battle-history">dark necessities used <strong>Ice Punch</strong>!<br></div><div class="battle-history"><small>It's super effective!</small><br></div><div class="battle-history"><small>(The opposing Afsin lost 38% of its health!)</small><br></div><div class="spacer battle-history"><br></div><div class="battle-history">The opposing Afsin is fast asleep.<br></div><div class="spacer battle-history"><br></div><div class="battle-history">The opposing Afsin used <strong>Sleep Talk</strong>!<br></div><div class="spacer battle-history"><br></div><div class="battle-history">The opposing Afsin used <strong>Thunder</strong>!<br></div><div class="battle-history"><small>(dark necessities lost 56% of its health!)</small><br></div><div class="spacer battle-history"><br></div><div class="battle-history">dark necessities fainted!<br></div><div class="chat message-error">neomon has 285 seconds left.</div><div class="chat message-error">neomon has 270 seconds left.</div><div class="chat message-error">neomon has 255 seconds left.</div><div class="chat message-error">neomon has 240 seconds left.</div><div class="spacer battle-history"><br></div><div class="battle-history">Go! can't stop (<strong>Snorlax</strong>)!<br></div><div class="battle-history"><small>can't stop was hurt by the spikes!</small><br></div><div class="spacer battle-history"><br></div><div class="battle-history"><small>The opposing Afsin restored a little HP using its Leftovers!</small><br></div><div class="battle-history"><small>can't stop restored a little HP using its Leftovers!</small><br></div><div class="spacer battle-history"><br></div><h2 class="battle-history">Turn 36</h2><div class="chat message-error">RaiyanGotNo3DS has 60 seconds left.</div><div class="spacer battle-history"><br></div><div class="battle-history">The opposing Afsin is fast asleep.<br></div><div class="spacer battle-history"><br></div><div class="battle-history">The opposing Afsin used <strong>Sleep Talk</strong>!<br></div><div class="spacer battle-history"><br></div><div class="battle-history">The opposing Afsin used <strong>Hidden Power</strong>!<br></div><div class="battle-history"><small>(can't stop lost 11% of its health!)</small><br></div><div class="spacer battle-history"><br></div><div class="battle-history">can't stop used <strong>Double-Edge</strong>!<br></div><div class="battle-history"><small>(The opposing Afsin lost 42% of its health!)</small><br></div><div class="battle-history"><small>can't stop was damaged by the recoil!</small><br></div><div class="spacer battle-history"><br></div><div class="battle-history"><small>The opposing Afsin restored a little HP using its Leftovers!</small><br></div><div class="battle-history"><small>can't stop restored a little HP using its Leftovers!</small><br></div><div class="spacer battle-history"><br></div><h2 class="battle-history">Turn 37</h2><div class="chat message-error">RaiyanGotNo3DS has 60 seconds left.</div><div class="chat message-error">neomon has 255 seconds left.</div><div class="chat message-error">neomon has 240 seconds left.</div><div class="spacer battle-history"><br></div><div class="battle-history"><small>The opposing Afsin woke up!</small><br></div><div class="spacer battle-history"><br></div><div class="battle-history">The opposing Afsin used <strong>Rest</strong>!<br></div><div class="battle-history"><small>The opposing Afsin fell asleep!</small><br></div><div class="battle-history"><small>The opposing Afsin slept and became healthy!</small><br></div><div class="spacer battle-history"><br></div><div class="battle-history">can't stop used <strong>Self-Destruct</strong>!<br></div><div class="battle-history"><small>(The opposing Afsin lost 100% of its health!)</small><br></div><div class="spacer battle-history"><br></div><div class="battle-history">The opposing Afsin fainted!<br></div><div class="battle-history">can't stop fainted!<br></div><div class="chat message-error">neomon has 240 seconds left.</div><div class="chat message-error">RaiyanGotNo3DS has 60 seconds left.</div><div class="chat message-error">neomon has 225 seconds left.</div><div class="spacer battle-history"><br></div><div class="battle-history">RaiyanGotNo3DS sent out Oshim khankirpola (<strong>Gengar</strong>)!<br></div><div class="spacer battle-history"><br></div><div class="battle-history">Go! go robot (<strong>Steelix</strong>)!<br></div><div class="battle-history"><small>The opposing Oshim khankirpola was hurt by the spikes!</small><br></div><div class="battle-history"><small>go robot was hurt by the spikes!</small><br></div><div class="spacer battle-history"><br></div><div class="battle-history"><small>The opposing Oshim khankirpola restored a little HP using its Leftovers!</small><br></div><div class="battle-history"><small>go robot restored a little HP using its Leftovers!</small><br></div><div class="spacer battle-history"><br></div><h2 class="battle-history">Turn 38</h2><div class="chat message-error">neomon has 225 seconds left.</div><div class="chat message-error">RaiyanGotNo3DS has 60 seconds left.</div><div class="spacer battle-history"><br></div><div class="battle-history">RaiyanGotNo3DS withdrew Oshim khankirpola!<br></div><div class="battle-history">RaiyanGotNo3DS sent out afrin kp (<strong>Skarmory</strong>)!<br></div><div class="spacer battle-history"><br></div><div class="battle-history">go robot used <strong>Earthquake</strong>!<br></div><div class="battle-history"><small>It doesn't affect the opposing afrin kp...</small><br></div><div class="spacer battle-history"><br></div><div class="battle-history"><small>The opposing afrin kp restored a little HP using its Leftovers!</small><br></div><div class="battle-history"><small>go robot restored a little HP using its Leftovers!</small><br></div><div class="spacer battle-history"><br></div><h2 class="battle-history">Turn 39</h2><div class="chat message-error">RaiyanGotNo3DS has 60 seconds left.</div><div class="chat message-error">neomon has 225 seconds left.</div><div class="chat message-error">RaiyanGotNo3DS has 45 seconds left.</div><div class="spacer battle-history"><br></div><div class="battle-history">The opposing afrin kp used <strong>Whirlwind</strong>!<br></div><div class="battle-history"><small>But it failed!</small><br></div><div class="spacer battle-history"><br></div><div class="battle-history">go robot used <strong>Roar</strong>!<br></div><div class="spacer battle-history"><br></div><div class="battle-history">Arik (<strong>Raikou</strong>) was dragged out!<br></div><div class="battle-history"><small>The opposing Arik was hurt by the spikes!</small><br></div><div class="spacer battle-history"><br></div><div class="battle-history"><small>The opposing Arik restored a little HP using its Leftovers!</small><br></div><div class="battle-history"><small>go robot restored a little HP using its Leftovers!</small><br></div><div class="spacer battle-history"><br></div><h2 class="battle-history">Turn 40</h2><div class="chat message-error">neomon has 225 seconds left.</div><div class="chat message-error">RaiyanGotNo3DS has 45 seconds left.</div><div class="spacer battle-history"><br></div><div class="battle-history">RaiyanGotNo3DS withdrew Arik!<br></div><div class="battle-history">RaiyanGotNo3DS sent out afrin kp (<strong>Skarmory</strong>)!<br></div><div class="spacer battle-history"><br></div><div class="battle-history">go robot used <strong>Earthquake</strong>!<br></div><div class="battle-history"><small>It doesn't affect the opposing afrin kp...</small><br></div><div class="spacer battle-history"><br></div><div class="battle-history"><small>The opposing afrin kp restored a little HP using its Leftovers!</small><br></div><div class="battle-history"><small>go robot restored a little HP using its Leftovers!</small><br></div><div class="spacer battle-history"><br></div><h2 class="battle-history">Turn 41</h2><div class="spacer battle-history"><br></div><div class="battle-history">The opposing afrin kp used <strong>Whirlwind</strong>!<br></div><div class="battle-history"><small>But it failed!</small><br></div><div class="spacer battle-history"><br></div><div class="battle-history">go robot used <strong>Roar</strong>!<br></div><div class="spacer battle-history"><br></div><div class="battle-history">Arik (<strong>Raikou</strong>) was dragged out!<br></div><div class="battle-history"><small>The opposing Arik was hurt by the spikes!</small><br></div><div class="spacer battle-history"><br></div><div class="battle-history"><small>The opposing Arik restored a little HP using its Leftovers!</small><br></div><div class="battle-history"><small>go robot restored a little HP using its Leftovers!</small><br></div><div class="spacer battle-history"><br></div><h2 class="battle-history">Turn 42</h2><div class="chat message-error">RaiyanGotNo3DS has 60 seconds left.</div><div class="chat message-error">neomon has 225 seconds left.</div><div class="chat message-error">neomon has 210 seconds left.</div><div class="chat message-error">neomon has 195 seconds left.</div><div class="chat message-error">neomon has 180 seconds left.</div><div class="spacer battle-history"><br></div><div class="battle-history">RaiyanGotNo3DS withdrew Arik!<br></div><div class="battle-history">RaiyanGotNo3DS sent out afrin kp (<strong>Skarmory</strong>)!<br></div><div class="spacer battle-history"><br></div><div class="battle-history">go robot used <strong>Earthquake</strong>!<br></div><div class="battle-history"><small>It doesn't affect the opposing afrin kp...</small><br></div><div class="spacer battle-history"><br></div><div class="battle-history"><small>The opposing afrin kp restored a little HP using its Leftovers!</small><br></div><div class="battle-history"><small>go robot restored a little HP using its Leftovers!</small><br></div><div class="spacer battle-history"><br></div><h2 class="battle-history">Turn 43</h2><div class="chat message-error">neomon has 180 seconds left.</div><div class="spacer battle-history"><br></div><div class="battle-history">The opposing afrin kp used <strong>Whirlwind</strong>!<br></div><div class="battle-history"><small>But it failed!</small><br></div><div class="spacer battle-history"><br></div><div class="battle-history">go robot used <strong>Roar</strong>!<br></div><div class="spacer battle-history"><br></div><div class="battle-history">Ishtiaq Ali (<strong>Snorlax</strong>) was dragged out!<br></div><div class="battle-history"><small>The opposing Ishtiaq Ali was hurt by the spikes!</small><br></div><div class="spacer battle-history"><br></div><div class="battle-history"><small>The opposing Ishtiaq Ali restored a little HP using its Leftovers!</small><br></div><div class="battle-history"><small>go robot restored a little HP using its Leftovers!</small><br></div><div class="spacer battle-history"><br></div><h2 class="battle-history">Turn 44</h2><div class="chat message-error">neomon has 180 seconds left.</div><div class="chat message-error">neomon has 165 seconds left.</div><div class="spacer battle-history"><br></div><div class="battle-history">go robot used <strong>Earthquake</strong>!<br></div><div class="battle-history"><small>(The opposing Ishtiaq Ali lost 26% of its health!)</small><br></div><div class="spacer battle-history"><br></div><div class="battle-history">The opposing Ishtiaq Ali used <strong>Fire Blast</strong>!<br></div><div class="battle-history"><small>The opposing Ishtiaq Ali's attack missed!</small><br></div><div class="spacer battle-history"><br></div><div class="battle-history"><small>go robot restored a little HP using its Leftovers!</small><br></div><div class="battle-history"><small>The opposing Ishtiaq Ali restored a little HP using its Leftovers!</small><br></div><div class="spacer battle-history"><br></div><h2 class="battle-history">Turn 45</h2><div class="chat message-error">RaiyanGotNo3DS has 75 seconds left.</div><div class="chat message-error">neomon has 165 seconds left.</div><div class="chat message-error">RaiyanGotNo3DS has 60 seconds left.</div><div class="spacer battle-history"><br></div><div class="battle-history">The opposing Ishtiaq Ali used <strong>Rest</strong>!<br></div><div class="battle-history"><small>The opposing Ishtiaq Ali fell asleep!</small><br></div><div class="battle-history"><small>The opposing Ishtiaq Ali slept and became healthy!</small><br></div><div class="spacer battle-history"><br></div><div class="battle-history">go robot used <strong>Earthquake</strong>!<br></div><div class="battle-history"><small>(The opposing Ishtiaq Ali lost 28% of its health!)</small><br></div><div class="spacer battle-history"><br></div><div class="battle-history"><small>The opposing Ishtiaq Ali restored a little HP using its Leftovers!</small><br></div><div class="battle-history"><small>go robot restored a little HP using its Leftovers!</small><br></div><div class="spacer battle-history"><br></div><h2 class="battle-history">Turn 46</h2><div class="chat message-error">neomon has 165 seconds left.</div><div class="chat message-error">RaiyanGotNo3DS has 60 seconds left.</div><div class="spacer battle-history"><br></div><div class="battle-history">go robot, come back!<br></div><div class="battle-history">Go! by the way (<strong>Cloyster</strong>)!<br></div><div class="battle-history"><small>by the way was hurt by the spikes!</small><br></div><div class="spacer battle-history"><br></div><div class="battle-history">RaiyanGotNo3DS withdrew Ishtiaq Ali!<br></div><div class="battle-history">RaiyanGotNo3DS sent out afrin kp (<strong>Skarmory</strong>)!<br></div><div class="spacer battle-history"><br></div><div class="battle-history"><small>by the way restored a little HP using its Leftovers!</small><br></div><div class="battle-history"><small>The opposing afrin kp restored a little HP using its Leftovers!</small><br></div><div class="spacer battle-history"><br></div><h2 class="battle-history">Turn 47</h2><div class="chat message-error">neomon has 165 seconds left.</div><div class="chat message-error">RaiyanGotNo3DS has 60 seconds left.</div><div class="spacer battle-history"><br></div><div class="battle-history">by the way used <strong>Surf</strong>!<br></div><div class="battle-history"><small>(The opposing afrin kp lost 35% of its health!)</small><br></div><div class="spacer battle-history"><br></div><div class="battle-history">The opposing afrin kp used <strong>Whirlwind</strong>!<br></div><div class="spacer battle-history"><br></div><div class="battle-history">go robot (<strong>Steelix</strong>) was dragged out!<br></div><div class="battle-history"><small>go robot was hurt by the spikes!</small><br></div><div class="spacer battle-history"><br></div><div class="battle-history"><small>The opposing afrin kp restored a little HP using its Leftovers!</small><br></div><div class="battle-history"><small>go robot restored a little HP using its Leftovers!</small><br></div><div class="spacer battle-history"><br></div><h2 class="battle-history">Turn 48</h2><div class="chat message-error">neomon has 165 seconds left.</div><div class="spacer battle-history"><br></div><div class="battle-history">The opposing afrin kp used <strong>Whirlwind</strong>!<br></div><div class="battle-history"><small>But it failed!</small><br></div><div class="spacer battle-history"><br></div><div class="battle-history">go robot used <strong>Roar</strong>!<br></div><div class="spacer battle-history"><br></div><div class="battle-history">Dicktutor (<strong>Cloyster</strong>) was dragged out!<br></div><div class="battle-history"><small>The opposing Dicktutor was hurt by the spikes!</small><br></div><div class="spacer battle-history"><br></div><div class="battle-history"><small>The opposing Dicktutor restored a little HP using its Leftovers!</small><br></div><div class="battle-history"><small>go robot restored a little HP using its Leftovers!</small><br></div><div class="spacer battle-history"><br></div><h2 class="battle-history">Turn 49</h2><div class="chat message-error">RaiyanGotNo3DS has 60 seconds left.</div><div class="spacer battle-history"><br></div><div class="battle-history">go robot, come back!<br></div><div class="battle-history">Go! californication (<strong>Zapdos</strong>)!<br></div><div class="spacer battle-history"><br></div><div class="battle-history">The opposing Dicktutor used <strong>Explosion</strong>!<br></div><div class="battle-history"><small>(californication lost 100% of its health!)</small><br></div><div class="spacer battle-history"><br></div><div class="battle-history">californication fainted!<br></div><div class="battle-history">The opposing Dicktutor fainted!<br></div><div class="chat message-error">RaiyanGotNo3DS has 60 seconds left.</div><div class="chat message-error">neomon has 165 seconds left.</div><div class="chat message-error">neomon has 150 seconds left.</div><div class="chat message-error">neomon has 135 seconds left.</div><div class="chat message-error">neomon has 120 seconds left.</div><div class="spacer battle-history"><br></div><div class="battle-history">Go! go robot (<strong>Steelix</strong>)!<br></div><div class="spacer battle-history"><br></div><div class="battle-history">RaiyanGotNo3DS sent out Oshim khankirpola (<strong>Gengar</strong>)!<br></div><div class="battle-history"><small>The opposing Oshim khankirpola was hurt by the spikes!</small><br></div><div class="battle-history"><small>go robot was hurt by the spikes!</small><br></div><div class="spacer battle-history"><br></div><div class="battle-history"><small>The opposing Oshim khankirpola restored a little HP using its Leftovers!</small><br></div><div class="battle-history"><small>go robot restored a little HP using its Leftovers!</small><br></div><div class="spacer battle-history"><br></div><h2 class="battle-history">Turn 50</h2><div class="chat message-error">RaiyanGotNo3DS has 60 seconds left.</div><div class="chat message-error">RaiyanGotNo3DS has 45 seconds left.</div><div class="spacer battle-history"><br></div><div class="battle-history">RaiyanGotNo3DS withdrew Oshim khankirpola!<br></div><div class="battle-history">RaiyanGotNo3DS sent out afrin kp (<strong>Skarmory</strong>)!<br></div><div class="spacer battle-history"><br></div><div class="battle-history">go robot used <strong>Earthquake</strong>!<br></div><div class="battle-history"><small>It doesn't affect the opposing afrin kp...</small><br></div><div class="spacer battle-history"><br></div><div class="battle-history"><small>The opposing afrin kp restored a little HP using its Leftovers!</small><br></div><div class="battle-history"><small>go robot restored a little HP using its Leftovers!</small><br></div><div class="spacer battle-history"><br></div><h2 class="battle-history">Turn 51</h2><div class="chat message-error">RaiyanGotNo3DS has 45 seconds left.</div><div class="spacer battle-history"><br></div><div class="battle-history">The opposing afrin kp used <strong>Curse</strong>!<br></div><div class="battle-history"><small>The opposing afrin kp's Speed fell!</small><br></div><div class="battle-history"><small>The opposing afrin kp's Attack rose!</small><br></div><div class="battle-history"><small>The opposing afrin kp's Defense rose!</small><br></div><div class="spacer battle-history"><br></div><div class="battle-history">go robot used <strong>Roar</strong>!<br></div><div class="spacer battle-history"><br></div><div class="battle-history">Ishtiaq Ali (<strong>Snorlax</strong>) was dragged out!<br></div><div class="battle-history"><small>The opposing Ishtiaq Ali was hurt by the spikes!</small><br></div><div class="spacer battle-history"><br></div><div class="battle-history"><small>The opposing Ishtiaq Ali restored a little HP using its Leftovers!</small><br></div><div class="battle-history"><small>go robot restored a little HP using its Leftovers!</small><br></div><div class="spacer battle-history"><br></div><h2 class="battle-history">Turn 52</h2><div class="chat message-error">neomon has 135 seconds left.</div><div class="spacer battle-history"><br></div><div class="battle-history">The opposing Ishtiaq Ali is fast asleep.<br></div><div class="spacer battle-history"><br></div><div class="battle-history">go robot used <strong>Earthquake</strong>!<br></div><div class="battle-history"><small>(The opposing Ishtiaq Ali lost 28% of its health!)</small><br></div><div class="spacer battle-history"><br></div><div class="battle-history"><small>go robot restored a little HP using its Leftovers!</small><br></div><div class="battle-history"><small>The opposing Ishtiaq Ali restored a little HP using its Leftovers!</small><br></div><div class="spacer battle-history"><br></div><h2 class="battle-history">Turn 53</h2><div class="spacer battle-history"><br></div><div class="battle-history">The opposing Ishtiaq Ali is fast asleep.<br></div><div class="spacer battle-history"><br></div><div class="battle-history">go robot used <strong>Earthquake</strong>!<br></div><div class="battle-history"><small>(The opposing Ishtiaq Ali lost 24% of its health!)</small><br></div><div class="spacer battle-history"><br></div><div class="battle-history"><small>go robot restored a little HP using its Leftovers!</small><br></div><div class="battle-history"><small>The opposing Ishtiaq Ali restored a little HP using its Leftovers!</small><br></div><div class="spacer battle-history"><br></div><h2 class="battle-history">Turn 54</h2><div class="chat message-error">RaiyanGotNo3DS has 60 seconds left.</div><div class="chat message-error">neomon has 120 seconds left.</div><div class="chat message-error">neomon has 105 seconds left.</div><div class="chat message-error">neomon has 90 seconds left.</div><div class="spacer battle-history"><br></div><div class="battle-history"><small>The opposing Ishtiaq Ali woke up!</small><br></div><div class="spacer battle-history"><br></div><div class="battle-history">The opposing Ishtiaq Ali used <strong>Rest</strong>!<br></div><div class="battle-history"><small>The opposing Ishtiaq Ali fell asleep!</small><br></div><div class="battle-history"><small>The opposing Ishtiaq Ali slept and became healthy!</small><br></div><div class="spacer battle-history"><br></div><div class="battle-history">go robot used <strong>Earthquake</strong>!<br></div><div class="battle-history"><small>(The opposing Ishtiaq Ali lost 28% of its health!)</small><br></div><div class="spacer battle-history"><br></div><div class="battle-history"><small>The opposing Ishtiaq Ali restored a little HP using its Leftovers!</small><br></div><div class="spacer battle-history"><br></div><h2 class="battle-history">Turn 55</h2><div class="chat message-error">RaiyanGotNo3DS has 60 seconds left.</div><div class="chat message-error">neomon has 90 seconds left.</div><div class="spacer battle-history"><br></div><div class="battle-history">RaiyanGotNo3DS withdrew Ishtiaq Ali!<br></div><div class="battle-history">RaiyanGotNo3DS sent out afrin kp (<strong>Skarmory</strong>)!<br></div><div class="spacer battle-history"><br></div><div class="battle-history">go robot, come back!<br></div><div class="battle-history">Go! by the way (<strong>Cloyster</strong>)!<br></div><div class="battle-history"><small>by the way was hurt by the spikes!</small><br></div><div class="spacer battle-history"><br></div><div class="battle-history"><small>The opposing afrin kp restored a little HP using its Leftovers!</small><br></div><div class="battle-history"><small>by the way restored a little HP using its Leftovers!</small><br></div><div class="spacer battle-history"><br></div><h2 class="battle-history">Turn 56</h2><div class="chat message-error">RaiyanGotNo3DS has 45 seconds left.</div><div class="spacer battle-history"><br></div><div class="battle-history">by the way used <strong>Surf</strong>!<br></div><div class="battle-history"><small>A critical hit!</small><br></div><div class="battle-history"><small>(The opposing afrin kp lost 74% of its health!)</small><br></div><div class="spacer battle-history"><br></div><div class="battle-history">The opposing afrin kp fainted!<br></div><div class="spacer battle-history"><br></div><div class="battle-history">RaiyanGotNo3DS sent out Oshim khankirpola (<strong>Gengar</strong>)!<br></div><div class="battle-history"><small>The opposing Oshim khankirpola was hurt by the spikes!</small><br></div><div class="spacer battle-history"><br></div><div class="battle-history"><small>The opposing Oshim khankirpola restored a little HP using its Leftovers!</small><br></div><div class="battle-history"><small>by the way restored a little HP using its Leftovers!</small><br></div><div class="spacer battle-history"><br></div><h2 class="battle-history">Turn 57</h2><div class="chat message-error">RaiyanGotNo3DS has 45 seconds left.</div><div class="chat message-error">neomon has 105 seconds left.</div><div class="chat message-error">neomon has 90 seconds left.</div><div class="spacer battle-history"><br></div><div class="battle-history">by the way, come back!<br></div><div class="battle-history">Go! go robot (<strong>Steelix</strong>)!<br></div><div class="battle-history"><small>go robot was hurt by the spikes!</small><br></div><div class="spacer battle-history"><br></div><div class="battle-history">The opposing Oshim khankirpola used <strong>Thunderbolt</strong>!<br></div><div class="battle-history"><small>It doesn't affect go robot...</small><br></div><div class="spacer battle-history"><br></div><div class="battle-history"><small>The opposing Oshim khankirpola restored a little HP using its Leftovers!</small><br></div><div class="battle-history"><small>go robot restored a little HP using its Leftovers!</small><br></div><div class="spacer battle-history"><br></div><h2 class="battle-history">Turn 58</h2><div class="chat message-error">neomon has 90 seconds left.</div><div class="spacer battle-history"><br></div><div class="battle-history">RaiyanGotNo3DS withdrew Oshim khankirpola!<br></div><div class="battle-history">RaiyanGotNo3DS sent out Ishtiaq Ali (<strong>Snorlax</strong>)!<br></div><div class="battle-history"><small>The opposing Ishtiaq Ali was hurt by the spikes!</small><br></div><div class="spacer battle-history"><br></div><div class="battle-history">go robot, come back!<br></div><div class="battle-history">Go! by the way (<strong>Cloyster</strong>)!<br></div><div class="battle-history"><small>by the way was hurt by the spikes!</small><br></div><div class="spacer battle-history"><br></div><div class="battle-history"><small>by the way restored a little HP using its Leftovers!</small><br></div><div class="battle-history"><small>The opposing Ishtiaq Ali restored a little HP using its Leftovers!</small><br></div><div class="spacer battle-history"><br></div><h2 class="battle-history">Turn 59</h2><div class="chat message-error">RaiyanGotNo3DS has 45 seconds left.</div><div class="chat message-error">RaiyanGotNo3DS has 30 seconds left.</div><div class="chat message-error">RaiyanGotNo3DS has 20 seconds left.</div><div class="chat message-error">RaiyanGotNo3DS has 15 seconds left.</div><div class="chat message-error">RaiyanGotNo3DS has 10 seconds left.</div><div class="spacer battle-history"><br></div><div class="battle-history">RaiyanGotNo3DS withdrew Ishtiaq Ali!<br></div><div class="battle-history">RaiyanGotNo3DS sent out Oshim khankirpola (<strong>Gengar</strong>)!<br></div><div class="battle-history"><small>The opposing Oshim khankirpola was hurt by the spikes!</small><br></div><div class="spacer battle-history"><br></div><div class="battle-history">by the way used <strong>Surf</strong>!<br></div><div class="battle-history"><small>(The opposing Oshim khankirpola lost 35% of its health!)</small><br></div><div class="spacer battle-history"><br></div><div class="battle-history">The opposing Oshim khankirpola fainted!<br></div><div class="chat message-error">RaiyanGotNo3DS has 15 seconds left.</div><div class="spacer battle-history"><br></div><div class="battle-history">RaiyanGotNo3DS sent out Arik (<strong>Raikou</strong>)!<br></div><div class="battle-history"><small>The opposing Arik was hurt by the spikes!</small><br></div><div class="spacer battle-history"><br></div><div class="battle-history"><small>The opposing Arik restored a little HP using its Leftovers!</small><br></div><div class="battle-history"><small>by the way restored a little HP using its Leftovers!</small><br></div><div class="spacer battle-history"><br></div><h2 class="battle-history">Turn 60</h2><div class="chat message-error">RaiyanGotNo3DS has 20 seconds left.</div><div class="spacer battle-history"><br></div><div class="battle-history">The opposing Arik is fast asleep.<br></div><div class="spacer battle-history"><br></div><div class="battle-history">by the way used <strong>Surf</strong>!<br></div><div class="battle-history"><small>(The opposing Arik lost 28% of its health!)</small><br></div><div class="spacer battle-history"><br></div><div class="battle-history"><small>The opposing Arik restored a little HP using its Leftovers!</small><br></div><div class="battle-history"><small>by the way restored a little HP using its Leftovers!</small><br></div><div class="spacer battle-history"><br></div><h2 class="battle-history">Turn 61</h2><div class="chat message-error">neomon has 105 seconds left.</div><div class="chat message-error">RaiyanGotNo3DS has 20 seconds left.</div><div class="chat message-error">neomon has 90 seconds left.</div><div class="chat message-error">neomon has 75 seconds left.</div><div class="spacer battle-history"><br></div><div class="battle-history">RaiyanGotNo3DS withdrew Arik!<br></div><div class="battle-history">RaiyanGotNo3DS sent out Ishtiaq Ali (<strong>Snorlax</strong>)!<br></div><div class="battle-history"><small>The opposing Ishtiaq Ali was hurt by the spikes!</small><br></div><div class="spacer battle-history"><br></div><div class="battle-history">by the way used <strong>Explosion</strong>!<br></div><div class="battle-history"><small>(The opposing Ishtiaq Ali lost 60% of its health!)</small><br></div><div class="spacer battle-history"><br></div><div class="battle-history">The opposing Ishtiaq Ali fainted!<br></div><div class="battle-history">by the way fainted!<br></div><div class="chat message-error">RaiyanGotNo3DS has 20 seconds left.</div><div class="spacer battle-history"><br></div><div class="battle-history">Go! go robot (<strong>Steelix</strong>)!<br></div><div class="spacer battle-history"><br></div><div class="battle-history">RaiyanGotNo3DS sent out Arik (<strong>Raikou</strong>)!<br></div><div class="battle-history"><small>The opposing Arik was hurt by the spikes!</small><br></div><div class="battle-history"><small>go robot was hurt by the spikes!</small><br></div><div class="spacer battle-history"><br></div><div class="battle-history"><small>The opposing Arik restored a little HP using its Leftovers!</small><br></div><div class="battle-history"><small>go robot restored a little HP using its Leftovers!</small><br></div><div class="spacer battle-history"><br></div><h2 class="battle-history">Turn 62</h2><div class="chat chatmessage-neomon"><strong style="color:#d21e21"><small>☆</small><span class="username" data-name="neomon">neomon</span>:</strong> <em>Sorry for the bs</em></div><div class="chat message-error">RaiyanGotNo3DS has 20 seconds left.</div><div class="chat message-error">RaiyanGotNo3DS has 15 seconds left.</div><div class="chat chatmessage-raiyangotno3ds"><strong style="color:#2ea785"><small>☆</small><span class="username" data-name="RaiyanGotNo3DS">RaiyanGotNo3DS</span>:</strong> <em>ya this is a bs tier anyway </em></div><div class="chat message-error">RaiyanGotNo3DS has 10 seconds left.</div><div class="spacer battle-history"><br></div><div class="battle-history">The opposing Arik is fast asleep.<br></div><div class="spacer battle-history"><br></div><div class="battle-history">go robot used <strong>Explosion</strong>!<br></div><div class="battle-history"><small>(The opposing Arik lost 21% of its health!)</small><br></div><div class="spacer battle-history"><br></div><div class="battle-history">The opposing Arik fainted!<br></div><div class="battle-history">go robot fainted!<br></div><div class="spacer battle-history"><br></div><div class="battle-history"><strong>neomon</strong> won the battle!<br></div></div><div class="inner-preempt"></div></div></div>
</div>
<script>
let daily = Math.floor(Date.now()/1000/60/60/24);document.write('<script src="https://play.pokemonshowdown.com/js/replay-embed.js?version'+daily+'"></'+'script>');
</script>
