<!DOCTYPE html>
<meta charset="utf-8" />
<!-- version 1 -->
<title>[Gen 2] OU replay: Beds vs. BKC</title>
<style>
html,body {font-family:Verdana, sans-serif;font-size:10pt;margin:0;padding:0;}body{padding:12px 0;} .battle-log {font-family:Verdana, sans-serif;font-size:10pt;} .battle-log-inline {border:1px solid #AAAAAA;background:#EEF2F5;color:black;max-width:640px;margin:0 auto 80px;padding-bottom:5px;} .battle-log .inner {padding:4px 8px 0px 8px;} .battle-log .inner-preempt {padding:0 8px 4px 8px;} .battle-log .inner-after {margin-top:0.5em;} .battle-log h2 {margin:0.5em -8px;padding:4px 8px;border:1px solid #AAAAAA;background:#E0E7EA;border-left:0;border-right:0;font-family:Verdana, sans-serif;font-size:13pt;} .battle-log .chat {vertical-align:middle;padding:3px 0 3px 0;font-size:8pt;} .battle-log .chat strong {color:#40576A;} .battle-log .chat em {padding:1px 4px 1px 3px;color:#000000;font-style:normal;} .chat.mine {background:rgba(0,0,0,0.05);margin-left:-8px;margin-right:-8px;padding-left:8px;padding-right:8px;} .spoiler {color:#BBBBBB;background:#BBBBBB;padding:0px 3px;} .spoiler:hover, .spoiler:active, .spoiler-shown {color:#000000;background:#E2E2E2;padding:0px 3px;} .spoiler a {color:#BBBBBB;} .spoiler:hover a, .spoiler:active a, .spoiler-shown a {color:#2288CC;} .chat code, .chat .spoiler:hover code, .chat .spoiler:active code, .chat .spoiler-shown code {border:1px solid #C0C0C0;background:#EEEEEE;color:black;padding:0 2px;} .chat .spoiler code {border:1px solid #CCCCCC;background:#CCCCCC;color:#CCCCCC;} .battle-log .rated {padding:3px 4px;} .battle-log .rated strong {color:white;background:#89A;padding:1px 4px;border-radius:4px;} .spacer {margin-top:0.5em;} .message-announce {background:#6688AA;color:white;padding:1px 4px 2px;} .message-announce a, .broadcast-green a, .broadcast-blue a, .broadcast-red a {color:#DDEEFF;} .broadcast-green {background-color:#559955;color:white;padding:2px 4px;} .broadcast-blue {background-color:#6688AA;color:white;padding:2px 4px;} .infobox {border:1px solid #6688AA;padding:2px 4px;} .infobox-limited {max-height:200px;overflow:auto;overflow-x:hidden;} .broadcast-red {background-color:#AA5544;color:white;padding:2px 4px;} .message-learn-canlearn {font-weight:bold;color:#228822;text-decoration:underline;} .message-learn-cannotlearn {font-weight:bold;color:#CC2222;text-decoration:underline;} .message-effect-weak {font-weight:bold;color:#CC2222;} .message-effect-resist {font-weight:bold;color:#6688AA;} .message-effect-immune {font-weight:bold;color:#666666;} .message-learn-list {margin-top:0;margin-bottom:0;} .message-throttle-notice, .message-error {color:#992222;} .message-overflow, .chat small.message-overflow {font-size:0pt;} .message-overflow::before {font-size:9pt;content:'...';} .subtle {color:#3A4A66;}
</style>
<div class="wrapper replay-wrapper" style="max-width:1180px;margin:0 auto">
<input type="hidden" name="replayid" value="smogtours-gen2ou-302290" />
<div class="battle"></div><div class="battle-log"></div><div class="replay-controls"></div><div class="replay-controls-2"></div>
<h1 style="font-weight:normal;text-align:center"><strong>[Gen 2] OU</strong><br /><a href="http://pokemonshowdown.com/users/beds" class="subtle" target="_blank">Beds</a> vs. <a href="http://pokemonshowdown.com/users/bkc" class="subtle" target="_blank">BKC</a></h1>
<script type="text/plain" class="battle-log-data">|J|Beds
|J|BKC
|player|p1|Beds|252
|teamsize|p1|6
|player|p2|BKC|#bkc
|teamsize|p2|6
|gametype|singles
|gen|2
|tier|[Gen 2] OU
|seed|18436,56327,21832,6476
|rule|Sleep Clause Mod: Limit one foe put to sleep
|rule|Species Clause: Limit one of each Pokémon
|rule|OHKO Clause: OHKO moves are banned
|rule|Evasion Moves Clause: Evasion moves are banned
|rule|HP Percentage Mod: HP is shown in percentages
|
|start
|switch|p1a: HODEN|Snorlax, M|523\/523
|switch|p2a: Frankie M|Snorlax, M|523\/523
|turn|1
|J|Isa
|J|otte93
|J|blunderr
|J|w^e^l^l^i^o^u
|J|Zamrock
|J|mccauley
|J|rozes
|J|Roro
|J|bro fist
|J|Elodin
|J|DestinyUnknown
|J|Becks
|c|+w^e^l^l^i^o^u|in
|J|Tricking
|J|Tom Bus
|J|ReshiRampage
|J|King DeDeDerp
|J|Mob Barley
|J|ET3RN4M¨̮
|J|sed➰ertz
|J|choolio IGLESIAS
|J|Regnak
|J|craing
|J|the mj show
|J|Poek ☾
|J|Nightcore
|J|relous
|raw|<div class="broadcast-red"><strong>Moderated chat was set to @!<\/strong><br \/>Only users of rank @ and higher can talk.<\/div>
|J|Lucardinho
|J|Christo
|J|HJAD
|J|west savannah
|inactive|Battle timer is ON: inactive players will automatically lose when time's up. (requested by rozes)
|J|Blackoblivion
|c|☆BKC|have fun bro
|J|Enki❄
|c|☆Beds|HODEN
|J|SOMALIA
|J|Orthic
|J|giara ★_★
|J|hexeddd
|J|Bro Kappa
|J|SOULWIND★
|J|miltankmilk
|c|☆Beds|gl hf
|J|Peasounay
|J|they fear inside
|J|ABR^
|J|BLINGAS
|J|Twixtry
|J|Larlev
|J|SOULGAZER
|J|ELEC
|J|Exiline ♫
|J|Kingler12345
|J|Feliburn
|J|soniamari
|J|FAJI
|J|meeps
|J|GET THIS MONEY
|J|Quite Quiet
|J|Axel10★★★
|J|tamahome
|J|Liones~
|J|Slimmer❄
|J|Jimmy Turtwig
|J|King Kadoobz
|J|NinNoah
|J|jirachee
|J|Bogdanoff Sama
|J|Quint.
|J|lax
|J|tigers jaw
|J|fish18
|J|klefkiholder
|J|Lohgock
|J|FMG *_*
|J|HODOR❄_❄
|J|Cdumas *-*
|J|Itstbruh
|J|Pohjis
|J|ggggd
|J|bandaidfan
|choice|move doubleedge|move doubleedge
|
|move|p2a: Frankie M|Double-Edge|p1a: HODEN
|-damage|p1a: HODEN|329\/523
|-damage|p2a: Frankie M|475\/523|[from] Recoil|[of] p1a: HODEN
|move|p1a: HODEN|Double-Edge|p2a: Frankie M
|-damage|p2a: Frankie M|292\/523
|-damage|p1a: HODEN|284\/523|[from] Recoil|[of] p2a: Frankie M
|
|-heal|p1a: HODEN|316\/523|[from] item: Leftovers
|-heal|p2a: Frankie M|324\/523|[from] item: Leftovers
|upkeep
|turn|2
|J|Genesis7
|J|OVERLORD_FOLGORIO
|J|stax in sombrero
|J|THE PDC SHOW
|J|run on gasoline
|J|Delibird=Santa
|L|Delibird=Santa
|J|patlop2307
|J|ferrah
|J|Spl4sh
|J|Malekith
|c|☆BKC|edgy
|J|Finchinator
|choice|switch 3|move doubleedge
|
|switch|p1a: DDR|Skarmory, M|333\/333
|move|p2a: Frankie M|Double-Edge|p1a: DDR
|-resisted|p1a: DDR
|-damage|p1a: DDR|271\/333
|-damage|p2a: Frankie M|309\/523|[from] Recoil|[of] p1a: DDR
|
|-heal|p2a: Frankie M|341\/523|[from] item: Leftovers
|upkeep
|turn|3
|J|flcl
|J|burd queen
|J|Gunner Rohan
|J|dedic
|J|Mizuhime
|J|Linck129
|J|fist fuck on sight
|J|very fuckin rare
|J|mindfiend
|J|Bouff
|J|Rumor
|L|burd queen
|L|fist fuck on sight
|J|Updated Kanto
|J|Tobes
|J|Trosko
|J|UU Sucks lol
|J|lnsult
|J|shaneghoul
|J|Pearl
|J|Hateful Six
|J|rnbs
|J|Gondra
|L|Hateful Six
|J|Ekhlypse ☾
|J|trappinincurrents
|J|Astaa
|J|Lcans
|J|wild drud
|J|Zycross
|J|Acsel
|L|SOULWIND★
|J|ict
|J|reiku
|J|Unamed
|J|madman404☭
|J|Tom0410
|J|Dark-Pact Chamber
|J|MamoJustWins
|J|Whims of Fate
|choice|move thief|switch 4
|
|switch|p2a: butterfly|Skarmory, M|333\/333
|move|p1a: DDR|Thief|p2a: butterfly
|-resisted|p2a: butterfly
|-damage|p2a: butterfly|321\/333
|-item|p1a: DDR|Leftovers|[from] move: Thief|[of] p2a: butterfly
|
|-heal|p1a: DDR|291\/333|[from] item: Leftovers
|upkeep
|turn|4
|J|King Moirai
|J|GOATDON
|J|LUCK>SKILL
|J|Corazan❄
|J|kory2600^-^
|J|archituere
|J|SOULWIND★
|J|vikasso
|J|Bushtush
|J|GeneralMurdock20
|J|adracman42
|J|Doctor_DraX
|J|RoxClo Bleach
|J|dice
|J|SplashOfColor
|J|Groenlander
|choice|move drillpeck|switch 5
|
|switch|p2a: autumn dies|Raikou|383\/383
|move|p1a: DDR|Drill Peck|p2a: autumn dies
|-resisted|p2a: autumn dies
|-damage|p2a: autumn dies|332\/383
|
|-heal|p2a: autumn dies|355\/383|[from] item: Leftovers
|-heal|p1a: DDR|311\/333|[from] item: Leftovers
|upkeep
|turn|5
|L|Pearl
|J|Pearl
|J|Foggi キング
|J|Omfuga
|L|archituere
|choice|switch 4|move roar
|
|switch|p1a: Faust Brudi|Nidoking, M|365\/365
|move|p2a: autumn dies|Roar|p1a: Faust Brudi
|drag|p1a: DDR|Skarmory, M|311\/333
|
|-heal|p2a: autumn dies|378\/383|[from] item: Leftovers
|-heal|p1a: DDR|331\/333|[from] item: Leftovers
|upkeep
|turn|6
|J|Simiatic
|J|Not Metro
|J|PicolloDBZ
|L|Foggi キング
|J|Proud marsh
|L|GOATDON
|choice|switch 3|move roar
|
|switch|p1a: HODEN|Snorlax, M|316\/523
|move|p2a: autumn dies|Roar|p1a: HODEN
|drag|p1a: Johann|Umbreon, M|393\/393
|
|-heal|p2a: autumn dies|383\/383|[from] item: Leftovers
|upkeep
|turn|7
|J|GOATDON
|J|qwily
|J|Neive ♛
|J|Jinover
|L|madman404☭
|L|ferrah
|J|blinkboy
|J|blarghlfarghl
|J|L0NE
|L|L0NE
|L|SplashOfColor
|J|Raiza
|choice|switch 4|move roar
|
|switch|p1a: Faust Brudi|Nidoking, M|365\/365
|move|p2a: autumn dies|Roar|p1a: Faust Brudi
|drag|p1a: DDR|Skarmory, M|331\/333
|
|-heal|p1a: DDR|333\/333|[from] item: Leftovers
|upkeep
|turn|8
|J|HaxNeverMatter
|J|tsmugs
|J|bouleji
|J|Betapf
|J|Zaettsu
|choice|switch 3|switch 4
|
|switch|p2a: Frankie M|Snorlax, M|341\/523
|switch|p1a: Faust Brudi|Nidoking, M|365\/365
|
|-heal|p2a: Frankie M|373\/523|[from] item: Leftovers
|upkeep
|turn|9
|L|bouleji
|J|MicroDong
|choice|move earthquake|move doubleedge
|
|move|p1a: Faust Brudi|Earthquake|p2a: Frankie M
|-damage|p2a: Frankie M|233\/523
|move|p2a: Frankie M|Double-Edge|p1a: Faust Brudi
|-damage|p1a: Faust Brudi|196\/365
|-damage|p2a: Frankie M|191\/523|[from] Recoil|[of] p1a: Faust Brudi
|
|-heal|p1a: Faust Brudi|218\/365|[from] item: Leftovers
|-heal|p2a: Frankie M|223\/523|[from] item: Leftovers
|upkeep
|turn|10
|J|p2
|J|TheThorn
|choice|move counter|switch 6
|
|switch|p2a: Frankie why|Suicune|403\/403
|move|p1a: Faust Brudi|Counter|p2a: Frankie why
|-fail|p2a: Frankie why
|
|-heal|p1a: Faust Brudi|240\/365|[from] item: Leftovers
|upkeep
|turn|11
|J|fist fuck on sight
|J|jacob
|choice|switch 6|move toxic
|
|switch|p1a: Marsmongo|Exeggutor, M|369\/369
|move|p2a: Frankie why|Toxic|p1a: Marsmongo
|-status|p1a: Marsmongo|tox
|
|upkeep
|turn|12
|J|Lavos
|J|Eternal Spirit%%
|J|Garay oak
|J|menci x3
|J|Note Heartless
|J|Machopstix
|L|mccauley
|J|Gyslexic Duy(‽)
|choice|move psychic|move surf
|
|move|p2a: Frankie why|Surf|p1a: Marsmongo
|-resisted|p1a: Marsmongo
|-damage|p1a: Marsmongo|299\/369 tox
|move|p1a: Marsmongo|Psychic|p2a: Frankie why
|-damage|p2a: Frankie why|290\/403
|-damage|p1a: Marsmongo|276\/369 tox|[from] tox|[of] p2a: Frankie why
|
|-heal|p2a: Frankie why|315\/403|[from] item: Leftovers
|-heal|p1a: Marsmongo|299\/369 tox|[from] item: Leftovers
|upkeep
|turn|13
|L|ELEC
|J|M Dragon -*-*
|J|BHARATH_THEBEST
|J|Jayde
|J|hamhamhamham
|J|TSR
|L|tsmugs
|J|Hootie
|L|TheThorn
|J|tsmugs
|J|Jytcampbell
|J|TheThorn
|J|Alexander%%%$
|J|NARPAS SWORD
|J|Crosby > Dylan
|J|Real FV13 ►_◄
|J|MediTheLord
|J|Word Up CUH
|J|george182
|J|reyscarface
|L|lax
|L|GeneralMurdock20
|J|King Kdot
|J|Gtcha
|J|XxxPAMxxX
|J|Crisis39
|L|MicroDong
|J|Bliss3y
|J|lax
|L|george182
|choice|move psychic|switch 2
|
|switch|p2a: live again|Tyranitar, M|403\/403
|move|p1a: Marsmongo|Psychic|p2a: live again
|-immune|p2a: live again|[msg]
|-damage|p1a: Marsmongo|253\/369 tox|[from] tox|[of] p2a: live again
|
|-heal|p1a: Marsmongo|276\/369 tox|[from] item: Leftovers
|upkeep
|turn|14
|J|MicroDong
|J|tollundjetzt
|J|Mercury07
|choice|switch 4|move pursuit
|
|-activate|p1a: Marsmongo|move: Pursuit
|move|p2a: live again|Pursuit|p1a: Marsmongo|[from]Pursuit
|-crit|p1a: Marsmongo
|-supereffective|p1a: Marsmongo
|-damage|p1a: Marsmongo|0 fnt
|faint|p1a: Marsmongo
|switch|p1a: Johann|Umbreon, M|393\/393
|
|upkeep
|turn|15
|J|Papa Mosconi I
|J|ColonelM
|choice|switch 2|switch 5
|
|switch|p1a: HODEN|Snorlax, M|316\/523
|switch|p2a: butterfly|Skarmory, M|321\/333
|
|-heal|p1a: HODEN|348\/523|[from] item: Leftovers
|upkeep
|turn|16
|J|i bims deine mum
|J|HitmonToppo
|L|MediTheLord
|choice|move doubleedge|move whirlwind
|
|move|p1a: HODEN|Double-Edge|p2a: butterfly
|-resisted|p2a: butterfly
|-damage|p2a: butterfly|258\/333
|-damage|p1a: HODEN|333\/523|[from] Recoil|[of] p2a: butterfly
|move|p2a: butterfly|Whirlwind|p1a: HODEN
|drag|p1a: Johann|Umbreon, M|393\/393
|
|upkeep
|turn|17
|L|Proud marsh
|J|Lord meganium
|L|jacob
|choice|switch 5|switch 4
|
|switch|p2a: autumn dies|Raikou|383\/383
|switch|p1a: Böser Arsch|Forretress, M|353\/353
|
|upkeep
|turn|18
|J|Leftiez
|choice|move spikes|move hiddenpower
|
|move|p2a: autumn dies|Hidden Power|p1a: Böser Arsch
|-resisted|p1a: Böser Arsch
|-damage|p1a: Böser Arsch|311\/353
|move|p1a: Böser Arsch|Spikes|p2a: autumn dies
|-sidestart|p2: BKC|Spikes
|
|-heal|p1a: Böser Arsch|333\/353|[from] item: Leftovers
|upkeep
|turn|19
|J|tko
|J|rekeri ❤~❤
|choice|switch 2|move hiddenpower
|
|switch|p1a: HODEN|Snorlax, M|333\/523
|move|p2a: autumn dies|Hidden Power|p1a: HODEN
|-damage|p1a: HODEN|270\/523
|
|-heal|p1a: HODEN|302\/523|[from] item: Leftovers
|upkeep
|turn|20
|choice|switch 6|move thunder
|
|switch|p1a: Faust Brudi|Nidoking, M|240\/365
|move|p2a: autumn dies|Thunder|p1a: Faust Brudi
|-immune|p1a: Faust Brudi|[msg]
|
|-heal|p1a: Faust Brudi|262\/365|[from] item: Leftovers
|upkeep
|turn|21
|L|stax in sombrero
|L|Orthic
|L|Zycross
|choice|move earthquake|move hiddenpower
|
|move|p2a: autumn dies|Hidden Power|p1a: Faust Brudi
|-supereffective|p1a: Faust Brudi
|-damage|p1a: Faust Brudi|113\/365
|move|p1a: Faust Brudi|Earthquake|p2a: autumn dies
|-supereffective|p2a: autumn dies
|-damage|p2a: autumn dies|123\/383
|
|-heal|p2a: autumn dies|146\/383|[from] item: Leftovers
|-heal|p1a: Faust Brudi|135\/365|[from] item: Leftovers
|upkeep
|turn|22
|J|Hikari
|J|NaughtyOttsel
|J|Zycross
|L|Lord meganium
|choice|switch 6|move thunder
|
|switch|p1a: HODEN|Snorlax, M|302\/523
|move|p2a: autumn dies|Thunder|p1a: HODEN
|-damage|p1a: HODEN|155\/523
|
|-heal|p2a: autumn dies|169\/383|[from] item: Leftovers
|-heal|p1a: HODEN|187\/523|[from] item: Leftovers
|upkeep
|turn|23
|J|L0RD_NINJAX
|J|george182
|choice|move doubleedge|switch 3
|
|switch|p2a: who's your friend|Forretress, M|353\/353
|-damage|p2a: who's your friend|309\/353|[from] Spikes
|move|p1a: HODEN|Double-Edge|p2a: who's your friend
|-resisted|p2a: who's your friend
|-damage|p2a: who's your friend|251\/353
|-damage|p1a: HODEN|173\/523|[from] Recoil|[of] p2a: who's your friend
|
|-heal|p2a: who's your friend|273\/353|[from] item: Leftovers
|-heal|p1a: HODEN|205\/523|[from] item: Leftovers
|upkeep
|turn|24
|J|Jaicron
|choice|move lovelykiss|switch 5
|
|switch|p2a: live again|Tyranitar, M|403\/403
|-damage|p2a: live again|353\/403|[from] Spikes
|move|p1a: HODEN|Lovely Kiss|p2a: live again
|-status|p2a: live again|slp
|
|-heal|p2a: live again|378\/403 slp|[from] item: Leftovers
|-heal|p1a: HODEN|237\/523|[from] item: Leftovers
|upkeep
|turn|25
|J|Melle2402
|choice|switch 6|switch 5
|
|switch|p2a: who's your friend|Forretress, M|273\/353
|-damage|p2a: who's your friend|229\/353|[from] Spikes
|switch|p1a: Faust Brudi|Nidoking, M|135\/365
|
|-heal|p1a: Faust Brudi|157\/365|[from] item: Leftovers
|-heal|p2a: who's your friend|251\/353|[from] item: Leftovers
|upkeep
|turn|26
|J|LordBW
|J|joshxjasperx
|L|LordBW
|choice|move thunder|move protect
|
|move|p2a: who's your friend|Protect|p2a: who's your friend
|-singleturn|p2a: who's your friend|Protect
|move|p1a: Faust Brudi|Thunder|p2a: who's your friend
|-activate|p2a: who's your friend|Protect
|
|-heal|p1a: Faust Brudi|179\/365|[from] item: Leftovers
|-heal|p2a: who's your friend|273\/353|[from] item: Leftovers
|upkeep
|turn|27
|J|k legacy
|choice|move thunder|move rapidspin
|
|move|p1a: Faust Brudi|Thunder|p2a: who's your friend
|-damage|p2a: who's your friend|163\/353
|move|p2a: who's your friend|Rapid Spin|p1a: Faust Brudi
|-damage|p1a: Faust Brudi|162\/365
|-sideend|p2: BKC|Spikes|[from] move: Rapid Spin|[of] p2a: who's your friend
|
|-heal|p1a: Faust Brudi|184\/365|[from] item: Leftovers
|-heal|p2a: who's your friend|185\/353|[from] item: Leftovers
|upkeep
|turn|28
|J|Sarai Ayarza
|J|Freeroamer❄️
|choice|move thunder|move spikes
|
|move|p1a: Faust Brudi|Thunder|p2a: who's your friend
|-damage|p2a: who's your friend|62\/353
|-status|p2a: who's your friend|par
|move|p2a: who's your friend|Spikes|p1a: Faust Brudi
|-sidestart|p1: Beds|Spikes
|
|-heal|p1a: Faust Brudi|206\/365|[from] item: Leftovers
|-heal|p2a: who's your friend|84\/353 par|[from] item: Leftovers
|upkeep
|turn|29
|L|joshxjasperx
|choice|switch 2|switch 2
|
|switch|p1a: Böser Arsch|Forretress, M|333\/353
|-damage|p1a: Böser Arsch|289\/353|[from] Spikes
|switch|p2a: Frankie why|Suicune|315\/403
|
|-heal|p2a: Frankie why|340\/403|[from] item: Leftovers
|-heal|p1a: Böser Arsch|311\/353|[from] item: Leftovers
|upkeep
|turn|30
|choice|move spikes|move surf
|
|move|p2a: Frankie why|Surf|p1a: Böser Arsch
|-damage|p1a: Böser Arsch|161\/353
|move|p1a: Böser Arsch|Spikes|p2a: Frankie why
|-sidestart|p2: BKC|Spikes
|
|-heal|p2a: Frankie why|365\/403|[from] item: Leftovers
|-heal|p1a: Böser Arsch|183\/353|[from] item: Leftovers
|upkeep
|turn|31
|J|jacob
|choice|switch 5|move surf
|
|switch|p1a: Johann|Umbreon, M|393\/393
|-damage|p1a: Johann|344\/393|[from] Spikes
|move|p2a: Frankie why|Surf|p1a: Johann
|-damage|p1a: Johann|256\/393
|
|-heal|p2a: Frankie why|390\/403|[from] item: Leftovers
|-heal|p1a: Johann|280\/393|[from] item: Leftovers
|upkeep
|turn|32
|J|Sharp Ladder UU
|choice|move pursuit|switch 2
|
|-activate|p2a: Frankie why|move: Pursuit
|move|p1a: Johann|Pursuit|p2a: Frankie why|[from]Pursuit
|-damage|p2a: Frankie why|321\/403
|switch|p2a: who's your friend|Forretress, M|84\/353 par
|-damage|p2a: who's your friend|40\/353 par|[from] Spikes
|
|-heal|p1a: Johann|304\/393|[from] item: Leftovers
|-heal|p2a: who's your friend|62\/353 par|[from] item: Leftovers
|upkeep
|turn|33
|J|stan soojunng ~
|choice|switch 2|move rapidspin
|
|switch|p1a: Faust Brudi|Nidoking, M|206\/365
|-damage|p1a: Faust Brudi|161\/365|[from] Spikes
|move|p2a: who's your friend|Rapid Spin|p1a: Faust Brudi
|-damage|p1a: Faust Brudi|143\/365
|-sideend|p2: BKC|Spikes|[from] move: Rapid Spin|[of] p2a: who's your friend
|
|-heal|p1a: Faust Brudi|165\/365|[from] item: Leftovers
|-heal|p2a: who's your friend|84\/353 par|[from] item: Leftovers
|upkeep
|turn|34
|J|Meru
|J|teal6
|J|London Beats
|J|Strealet❄
|J|legavgc
|J|ludicrousman
|J|Aurious
|L|King DeDeDerp
|L|Not Metro
|choice|move thunder|switch 3
|
|switch|p2a: autumn dies|Raikou|169\/383
|move|p1a: Faust Brudi|Thunder|p2a: autumn dies
|-resisted|p2a: autumn dies
|-damage|p2a: autumn dies|128\/383
|
|-heal|p2a: autumn dies|151\/383|[from] item: Leftovers
|-heal|p1a: Faust Brudi|187\/365|[from] item: Leftovers
|upkeep
|turn|35
|J|Rinzer%%%
|L|Gyslexic Duy(‽)
|L|Real FV13 ►_◄
|J|Lednah
|choice|move thunder|move hiddenpower
|
|move|p2a: autumn dies|Hidden Power|p1a: Faust Brudi
|-supereffective|p1a: Faust Brudi
|-damage|p1a: Faust Brudi|41\/365
|move|p1a: Faust Brudi|Thunder|p2a: autumn dies|[miss]
|-miss|p1a: Faust Brudi|p2a: autumn dies
|
|-heal|p2a: autumn dies|174\/383|[from] item: Leftovers
|-heal|p1a: Faust Brudi|63\/365|[from] item: Leftovers
|upkeep
|turn|36
|choice|switch 2|move roar
|
|switch|p1a: Johann|Umbreon, M|304\/393
|-damage|p1a: Johann|255\/393|[from] Spikes
|move|p2a: autumn dies|Roar|p1a: Johann
|drag|p1a: Faust Brudi|Nidoking, M|63\/365
|-damage|p1a: Faust Brudi|18\/365|[from] Spikes
|
|-heal|p2a: autumn dies|197\/383|[from] item: Leftovers
|-heal|p1a: Faust Brudi|40\/365|[from] item: Leftovers
|upkeep
|turn|37
|L|Lcans
|J|Lcans
|choice|move earthquake|move hiddenpower
|
|move|p2a: autumn dies|Hidden Power|p1a: Faust Brudi
|-supereffective|p1a: Faust Brudi
|-damage|p1a: Faust Brudi|0 fnt
|faint|p1a: Faust Brudi
|J|Seir
|J|DTC
|choice|switch 6|
|
|switch|p1a: HODEN|Snorlax, M|237\/523
|-damage|p1a: HODEN|172\/523|[from] Spikes
|
|-heal|p2a: autumn dies|220\/383|[from] item: Leftovers
|-heal|p1a: HODEN|204\/523|[from] item: Leftovers
|upkeep
|turn|38
|L|Dark-Pact Chamber
|choice|move curse|switch 2
|
|switch|p2a: Frankie why|Suicune|321\/403
|move|p1a: HODEN|Curse|p1a: HODEN
|-unboost|p1a: HODEN|spe|1
|-boost|p1a: HODEN|atk|1
|-boost|p1a: HODEN|def|1
|
|-heal|p2a: Frankie why|346\/403|[from] item: Leftovers
|-heal|p1a: HODEN|236\/523|[from] item: Leftovers
|upkeep
|turn|39
|J|King DeDeDerp
|choice|move doubleedge|move toxic
|
|move|p2a: Frankie why|Toxic|p1a: HODEN
|-status|p1a: HODEN|tox
|move|p1a: HODEN|Double-Edge|p2a: Frankie why
|-damage|p2a: Frankie why|142\/403
|-damage|p1a: HODEN|185\/523 tox|[from] Recoil|[of] p2a: Frankie why
|-damage|p1a: HODEN|153\/523 tox|[from] tox|[of] p2a: Frankie why
|
|-heal|p2a: Frankie why|167\/403|[from] item: Leftovers
|-heal|p1a: HODEN|185\/523 tox|[from] item: Leftovers
|upkeep
|turn|40
|J|Lord Esche
|choice|move rest|move rest
|
|move|p2a: Frankie why|Rest|p2a: Frankie why
|-status|p2a: Frankie why|slp
|-heal|p2a: Frankie why|403\/403 slp|[silent]
|-status|p2a: Frankie why|slp|[from] move: Rest
|move|p1a: HODEN|Rest|p1a: HODEN
|-status|p1a: HODEN|slp
|-heal|p1a: HODEN|523\/523 slp|[silent]
|-status|p1a: HODEN|slp|[from] move: Rest
|
|upkeep
|turn|41
|c|☆Beds|you know what's crazy
|J|Zephir
|c|☆Beds|after every game I lose to stall I promise to be prepared for it next time
|c|☆Beds|and then I watch replays and I'm like
|c|☆Beds|nah
|L|lax
|L|dedic
|J|Sargento Pimienta
|J|test1337xx
|J|Analytic☇
|c|☆Beds|there's this dumb quote about someone who makes the same mistake over and over again
|c|☆Beds|etc.
|choice|move doubleedge|switch 2
|
|switch|p2a: autumn dies|Raikou|220\/383
|cant|p1a: HODEN|slp
|
|-heal|p2a: autumn dies|243\/383|[from] item: Leftovers
|upkeep
|turn|42
|L|Zycross
|c|☆BKC|frankie m...
|choice|move doubleedge|move roar
|
|cant|p1a: HODEN|slp
|move|p2a: autumn dies|Roar|p1a: HODEN
|drag|p1a: DDR|Skarmory, M|333\/333
|
|-heal|p2a: autumn dies|266\/383|[from] item: Leftovers
|upkeep
|turn|43
|L|stan soojunng ~
|L|jacob
|choice|move drillpeck|move roar
|
|move|p1a: DDR|Drill Peck|p2a: autumn dies
|-resisted|p2a: autumn dies
|-damage|p2a: autumn dies|215\/383
|move|p2a: autumn dies|Roar|p1a: DDR
|drag|p1a: Böser Arsch|Forretress, M|183\/353
|-damage|p1a: Böser Arsch|139\/353|[from] Spikes
|
|-heal|p2a: autumn dies|238\/383|[from] item: Leftovers
|-heal|p1a: Böser Arsch|161\/353|[from] item: Leftovers
|upkeep
|turn|44
|L|XxxPAMxxX
|choice|move rapidspin|move thunder
|
|move|p2a: autumn dies|Thunder|p1a: Böser Arsch|[miss]
|-miss|p2a: autumn dies|p1a: Böser Arsch
|move|p1a: Böser Arsch|Rapid Spin|p2a: autumn dies
|-damage|p2a: autumn dies|219\/383
|-sideend|p1: Beds|Spikes|[from] move: Rapid Spin|[of] p1a: Böser Arsch
|
|-heal|p2a: autumn dies|242\/383|[from] item: Leftovers
|-heal|p1a: Böser Arsch|183\/353|[from] item: Leftovers
|upkeep
|turn|45
|choice|switch 3|move thunder
|
|switch|p1a: HODEN|Snorlax, M|523\/523 slp
|move|p2a: autumn dies|Thunder|p1a: HODEN|[miss]
|-miss|p2a: autumn dies|p1a: HODEN
|
|-heal|p2a: autumn dies|265\/383|[from] item: Leftovers
|upkeep
|turn|46
|J|R3tardo
|choice|move curse|move roar
|
|-curestatus|p1a: HODEN|slp|[msg]
|move|p1a: HODEN|Curse|p1a: HODEN
|-unboost|p1a: HODEN|spe|1
|-boost|p1a: HODEN|atk|1
|-boost|p1a: HODEN|def|1
|move|p2a: autumn dies|Roar|p1a: HODEN
|drag|p1a: Böser Arsch|Forretress, M|183\/353
|
|-heal|p2a: autumn dies|288\/383|[from] item: Leftovers
|-heal|p1a: Böser Arsch|205\/353|[from] item: Leftovers
|upkeep
|turn|47
|L|Jaicron
|choice|move spikes|move thunder
|
|move|p2a: autumn dies|Thunder|p1a: Böser Arsch
|-damage|p1a: Böser Arsch|0 fnt
|faint|p1a: Böser Arsch
|L|Pearl
|L|wild drud
|L|Doctor_DraX
|choice|switch 2|
|
|switch|p1a: Johann|Umbreon, M|255\/393
|
|-heal|p2a: autumn dies|311\/383|[from] item: Leftovers
|-heal|p1a: Johann|279\/393|[from] item: Leftovers
|upkeep
|turn|48
|J|Cicada ★
|J|Newalfonquest
|choice|move pursuit|switch 3
|
|-activate|p2a: autumn dies|move: Pursuit
|move|p1a: Johann|Pursuit|p2a: autumn dies|[from]Pursuit
|-crit|p2a: autumn dies
|-damage|p2a: autumn dies|184\/383
|switch|p2a: who's your friend|Forretress, M|84\/353 par
|
|-heal|p1a: Johann|303\/393|[from] item: Leftovers
|-heal|p2a: who's your friend|106\/353 par|[from] item: Leftovers
|upkeep
|turn|49
|L|Updated Kanto
|choice|switch 3|move spikes
|
|switch|p1a: HODEN|Snorlax, M|523\/523
|cant|p2a: who's your friend|par
|
|-heal|p2a: who's your friend|128\/353 par|[from] item: Leftovers
|upkeep
|turn|50
|L|Cicada ★
|L|FAJI
|choice|move curse|move toxic
|
|move|p1a: HODEN|Curse|p1a: HODEN
|-unboost|p1a: HODEN|spe|1
|-boost|p1a: HODEN|atk|1
|-boost|p1a: HODEN|def|1
|cant|p2a: who's your friend|par
|
|-heal|p2a: who's your friend|150\/353 par|[from] item: Leftovers
|upkeep
|turn|51
|J|Updated Kanto
|choice|move curse|move toxic
|
|move|p1a: HODEN|Curse|p1a: HODEN
|-unboost|p1a: HODEN|spe|1
|-boost|p1a: HODEN|atk|1
|-boost|p1a: HODEN|def|1
|move|p2a: who's your friend|Toxic|p1a: HODEN
|-status|p1a: HODEN|tox
|
|-heal|p2a: who's your friend|172\/353 par|[from] item: Leftovers
|upkeep
|turn|52
|J|ChillShadow
|choice|move doubleedge|move spikes
|
|move|p1a: HODEN|Double-Edge|p2a: who's your friend
|-resisted|p2a: who's your friend
|-damage|p2a: who's your friend|62\/353 par
|-damage|p1a: HODEN|496\/523 tox|[from] Recoil|[of] p2a: who's your friend
|-damage|p1a: HODEN|464\/523 tox|[from] tox|[of] p2a: who's your friend
|move|p2a: who's your friend|Spikes|p1a: HODEN
|-sidestart|p1: Beds|Spikes
|
|-heal|p1a: HODEN|496\/523 tox|[from] item: Leftovers
|-heal|p2a: who's your friend|84\/353 par|[from] item: Leftovers
|upkeep
|turn|53
|choice|move doubleedge|switch 5
|
|switch|p2a: live again|Tyranitar, M|378\/403 slp
|move|p1a: HODEN|Double-Edge|p2a: live again
|-resisted|p2a: live again
|-damage|p2a: live again|233\/403 slp
|-damage|p1a: HODEN|460\/523 tox|[from] Recoil|[of] p2a: live again
|-damage|p1a: HODEN|396\/523 tox|[from] tox|[of] p2a: live again
|
|-heal|p2a: live again|258\/403 slp|[from] item: Leftovers
|-heal|p1a: HODEN|428\/523 tox|[from] item: Leftovers
|upkeep
|turn|54
|choice|move doubleedge|move crunch
|
|cant|p2a: live again|slp
|move|p1a: HODEN|Double-Edge|p2a: live again
|-resisted|p2a: live again
|-damage|p2a: live again|123\/403 slp
|-damage|p1a: HODEN|395\/523 tox|[from] Recoil|[of] p2a: live again
|-damage|p1a: HODEN|299\/523 tox|[from] tox|[of] p2a: live again
|
|-heal|p2a: live again|148\/403 slp|[from] item: Leftovers
|-heal|p1a: HODEN|331\/523 tox|[from] item: Leftovers
|upkeep
|turn|55
|L|London Beats
|J|marcop9923
|L|King Kdot
|J|Paleo
|J|Vileman
|J|Tapu Koko
|J|Moskva
|choice|move doubleedge|move crunch
|
|cant|p2a: live again|slp
|move|p1a: HODEN|Double-Edge|p2a: live again
|-resisted|p2a: live again
|-damage|p2a: live again|13\/403 slp
|-damage|p1a: HODEN|298\/523 tox|[from] Recoil|[of] p2a: live again
|-damage|p1a: HODEN|170\/523 tox|[from] tox|[of] p2a: live again
|
|-heal|p2a: live again|38\/403 slp|[from] item: Leftovers
|-heal|p1a: HODEN|202\/523 tox|[from] item: Leftovers
|upkeep
|turn|56
|J|Astamatitos
|choice|move rest|move crunch
|
|cant|p2a: live again|slp
|move|p1a: HODEN|Rest|p1a: HODEN
|-status|p1a: HODEN|slp
|-heal|p1a: HODEN|523\/523 slp|[silent]
|-status|p1a: HODEN|slp|[from] move: Rest
|
|-heal|p2a: live again|63\/403 slp|[from] item: Leftovers
|upkeep
|turn|57
|L|Michielleus
|J|roystopror
|L|blunderr
|J|Real FV13 ►_◄
|L|run on gasoline
|choice|move doubleedge|switch 4
|
|switch|p2a: butterfly|Skarmory, M|258\/333
|cant|p1a: HODEN|slp
|
|upkeep
|turn|58
|J|bad ass
|choice|move doubleedge|move whirlwind
|
|cant|p1a: HODEN|slp
|move|p2a: butterfly|Whirlwind|p1a: HODEN
|drag|p1a: Johann|Umbreon, M|303\/393
|-damage|p1a: Johann|254\/393|[from] Spikes
|
|-heal|p1a: Johann|278\/393|[from] item: Leftovers
|upkeep
|turn|59
|J|Michielleus
|J|Dear Snack
|J|Dr(reuniclus)3
|L|Moskva
|J|Jaicron
|J|lax
|J|Steve Angello
|J|King Kdot
|L|Elodin
|J|Elodin
|choice|move pursuit|move whirlwind
|
|move|p1a: Johann|Pursuit|p2a: butterfly
|-resisted|p2a: butterfly
|-damage|p2a: butterfly|238\/333
|move|p2a: butterfly|Whirlwind|p1a: Johann
|drag|p1a: HODEN|Snorlax, M|523\/523 slp
|-damage|p1a: HODEN|458\/523 slp|[from] Spikes
|
|-heal|p1a: HODEN|490\/523 slp|[from] item: Leftovers
|upkeep
|turn|60
|L|blarghlfarghl
|J|Michy47
|choice|move doubleedge|move curse
|
|move|p2a: butterfly|Curse|p2a: butterfly
|-unboost|p2a: butterfly|spe|1
|-boost|p2a: butterfly|atk|1
|-boost|p2a: butterfly|def|1
|-curestatus|p1a: HODEN|slp|[msg]
|move|p1a: HODEN|Double-Edge|p2a: butterfly
|-resisted|p2a: butterfly
|-damage|p2a: butterfly|199\/333
|-damage|p1a: HODEN|481\/523|[from] Recoil|[of] p2a: butterfly
|
|-heal|p1a: HODEN|513\/523|[from] item: Leftovers
|upkeep
|turn|61
|L|TheThorn
|choice|switch 5|move drillpeck
|
|switch|p1a: DDR|Skarmory, M|333\/333
|move|p2a: butterfly|Drill Peck|p1a: DDR
|-resisted|p1a: DDR
|-damage|p1a: DDR|283\/333
|
|-heal|p1a: DDR|303\/333|[from] item: Leftovers
|upkeep
|turn|62
|J|Sken
|choice|move drillpeck|move whirlwind
|
|move|p1a: DDR|Drill Peck|p2a: butterfly
|-crit|p2a: butterfly
|-resisted|p2a: butterfly
|-damage|p2a: butterfly|132\/333
|move|p2a: butterfly|Whirlwind|p1a: DDR
|drag|p1a: HODEN|Snorlax, M|513\/523
|-damage|p1a: HODEN|448\/523|[from] Spikes
|
|-heal|p1a: HODEN|480\/523|[from] item: Leftovers
|upkeep
|turn|63
|J|Blublu la legende
|L|NinNoah
|L|ChillShadow
|choice|move doubleedge|move whirlwind
|
|move|p1a: HODEN|Double-Edge|p2a: butterfly
|-resisted|p2a: butterfly
|-damage|p2a: butterfly|95\/333
|-damage|p1a: HODEN|471\/523|[from] Recoil|[of] p2a: butterfly
|move|p2a: butterfly|Whirlwind|p1a: HODEN
|drag|p1a: DDR|Skarmory, M|303\/333
|
|-heal|p1a: DDR|323\/333|[from] item: Leftovers
|upkeep
|turn|64
|J|ChillShadow
|choice|move whirlwind|move rest
|
|move|p2a: butterfly|Rest|p2a: butterfly
|-status|p2a: butterfly|slp
|-heal|p2a: butterfly|333\/333 slp|[silent]
|-status|p2a: butterfly|slp|[from] move: Rest
|move|p1a: DDR|Whirlwind|p2a: butterfly
|drag|p2a: Frankie why|Suicune|403\/403 slp
|
|-heal|p1a: DDR|333\/333|[from] item: Leftovers
|upkeep
|turn|65
|J|blunderr
|J|Erz
|L|ET3RN4M¨̮
|L|Rumor
|J|Doctor_DraX
|L|marcop9923
|L|Doctor_DraX
|J|Vai Lusa ★
|L|Melle2402
|L|Real FV13 ►_◄
|choice|switch 5|switch 2
|
|switch|p2a: butterfly|Skarmory, M|333\/333 slp
|switch|p1a: HODEN|Snorlax, M|471\/523
|-damage|p1a: HODEN|406\/523|[from] Spikes
|
|-heal|p1a: HODEN|438\/523|[from] item: Leftovers
|upkeep
|turn|66
|L|very fuckin rare
|J|Doctor_DraX
|L|ChillShadow
|choice|switch 5|move whirlwind
|
|switch|p1a: DDR|Skarmory, M|333\/333
|cant|p2a: butterfly|slp
|
|upkeep
|turn|67
|choice|move drillpeck|move whirlwind
|
|move|p1a: DDR|Drill Peck|p2a: butterfly
|-resisted|p2a: butterfly
|-damage|p2a: butterfly|299\/333 slp
|cant|p2a: butterfly|slp
|
|upkeep
|turn|68
|J|LordBW
|choice|move drillpeck|switch 3
|
|switch|p2a: autumn dies|Raikou|184\/383
|move|p1a: DDR|Drill Peck|p2a: autumn dies
|-resisted|p2a: autumn dies
|-damage|p2a: autumn dies|138\/383
|
|-heal|p2a: autumn dies|161\/383|[from] item: Leftovers
|upkeep
|turn|69
|J|Pearl
|J|ChillShadow
|choice|switch 5|move thunder
|
|switch|p1a: HODEN|Snorlax, M|438\/523
|-damage|p1a: HODEN|373\/523|[from] Spikes
|move|p2a: autumn dies|Thunder|p1a: HODEN|[miss]
|-miss|p2a: autumn dies|p1a: HODEN
|
|-heal|p2a: autumn dies|184\/383|[from] item: Leftovers
|-heal|p1a: HODEN|405\/523|[from] item: Leftovers
|upkeep
|turn|70
|choice|move doubleedge|move roar
|
|move|p1a: HODEN|Double-Edge|p2a: autumn dies
|-damage|p2a: autumn dies|0 fnt
|faint|p2a: autumn dies
|-damage|p1a: HODEN|359\/523|[from] Recoil|[of] p2: autumn dies
|J|Sabella⚓
|choice||switch 3
|
|switch|p2a: butterfly|Skarmory, M|299\/333 slp
|
|-heal|p1a: HODEN|391\/523|[from] item: Leftovers
|upkeep
|turn|71
|J|Eon lights
|choice|switch 3|move curse
|
|switch|p1a: Johann|Umbreon, M|278\/393
|-damage|p1a: Johann|229\/393|[from] Spikes
|-curestatus|p2a: butterfly|slp|[msg]
|move|p2a: butterfly|Curse|p2a: butterfly
|-unboost|p2a: butterfly|spe|1
|-boost|p2a: butterfly|atk|1
|-boost|p2a: butterfly|def|1
|
|-heal|p1a: Johann|253\/393|[from] item: Leftovers
|upkeep
|turn|72
|choice|move charm|move drillpeck
|
|move|p1a: Johann|Charm|p2a: butterfly
|-unboost|p2a: butterfly|atk|2
|move|p2a: butterfly|Drill Peck|p1a: Johann
|-damage|p1a: Johann|202\/393
|
|-heal|p1a: Johann|226\/393|[from] item: Leftovers
|upkeep
|turn|73
|L|Analytic☇
|choice|move rest|move whirlwind
|
|move|p1a: Johann|Rest|p1a: Johann
|-status|p1a: Johann|slp
|-heal|p1a: Johann|393\/393 slp|[silent]
|-status|p1a: Johann|slp|[from] move: Rest
|move|p2a: butterfly|Whirlwind|p1a: Johann
|drag|p1a: HODEN|Snorlax, M|391\/523
|-damage|p1a: HODEN|326\/523|[from] Spikes
|
|-heal|p1a: HODEN|358\/523|[from] item: Leftovers
|upkeep
|turn|74
|choice|switch 5|move whirlwind
|
|switch|p1a: DDR|Skarmory, M|333\/333
|move|p2a: butterfly|Whirlwind|p1a: DDR
|drag|p1a: HODEN|Snorlax, M|358\/523
|-damage|p1a: HODEN|293\/523|[from] Spikes
|
|-heal|p1a: HODEN|325\/523|[from] item: Leftovers
|upkeep
|turn|75
|choice|switch 5|move whirlwind
|
|switch|p1a: DDR|Skarmory, M|333\/333
|move|p2a: butterfly|Whirlwind|p1a: DDR
|drag|p1a: Johann|Umbreon, M|393\/393 slp
|-damage|p1a: Johann|344\/393 slp|[from] Spikes
|
|-heal|p1a: Johann|368\/393 slp|[from] item: Leftovers
|upkeep
|turn|76
|choice|move pursuit|switch 2
|
|-activate|p2a: butterfly|move: Pursuit
|cant|p1a: Johann|slp
|switch|p2a: Frankie why|Suicune|403\/403 slp
|
|-heal|p1a: Johann|392\/393 slp|[from] item: Leftovers
|upkeep
|turn|77
|L|Mr.378
|choice|switch 3|move sleeptalk
|
|switch|p1a: DDR|Skarmory, M|333\/333
|cant|p2a: Frankie why|slp
|move|p2a: Frankie why|Sleep Talk|p2a: Frankie why
|move|p2a: Frankie why|Rest|p2a: Frankie why|[from]Sleep Talk
|-fail|p2a: Frankie why
|
|upkeep
|turn|78
|J|Cescken ◕‿◕
|choice|switch 5|move sleeptalk
|
|switch|p1a: HODEN|Snorlax, M|325\/523
|-damage|p1a: HODEN|260\/523|[from] Spikes
|cant|p2a: Frankie why|slp
|move|p2a: Frankie why|Sleep Talk|p2a: Frankie why
|move|p2a: Frankie why|Toxic|p1a: HODEN|[from]Sleep Talk
|-status|p1a: HODEN|tox
|
|-heal|p1a: HODEN|292\/523 tox|[from] item: Leftovers
|upkeep
|turn|79
|L|Eternal Spirit%%
|J|marcop9923
|choice|move rest|move surf
|
|-curestatus|p2a: Frankie why|slp|[msg]
|move|p2a: Frankie why|Surf|p1a: HODEN
|-damage|p1a: HODEN|198\/523 tox
|move|p1a: HODEN|Rest|p1a: HODEN
|-status|p1a: HODEN|slp
|-heal|p1a: HODEN|523\/523 slp|[silent]
|-status|p1a: HODEN|slp|[from] move: Rest
|
|upkeep
|turn|80
|choice|move doubleedge|switch 2
|
|switch|p2a: butterfly|Skarmory, M|299\/333
|cant|p1a: HODEN|slp
|
|upkeep
|turn|81
|choice|move doubleedge|move drillpeck
|
|move|p2a: butterfly|Drill Peck|p1a: HODEN
|-damage|p1a: HODEN|424\/523 slp
|cant|p1a: HODEN|slp
|
|-heal|p1a: HODEN|456\/523 slp|[from] item: Leftovers
|upkeep
|turn|82
|J|Wheezer
|choice|switch 5|move whirlwind
|
|switch|p1a: DDR|Skarmory, M|333\/333
|move|p2a: butterfly|Whirlwind|p1a: DDR
|drag|p1a: Johann|Umbreon, M|392\/393 slp
|-damage|p1a: Johann|343\/393 slp|[from] Spikes
|
|-heal|p1a: Johann|367\/393 slp|[from] item: Leftovers
|upkeep
|turn|83
|L|Malekith
|L|Tom0410
|L|Gtcha
|choice|move pursuit|switch 2
|
|-activate|p2a: butterfly|move: Pursuit
|cant|p1a: Johann|slp
|switch|p2a: Frankie why|Suicune|403\/403
|
|-heal|p1a: Johann|391\/393 slp|[from] item: Leftovers
|upkeep
|turn|84
|choice|switch 5|move surf
|
|switch|p1a: HODEN|Snorlax, M|456\/523 slp
|-damage|p1a: HODEN|391\/523 slp|[from] Spikes
|move|p2a: Frankie why|Surf|p1a: HODEN
|-damage|p1a: HODEN|299\/523 slp
|
|-heal|p1a: HODEN|331\/523 slp|[from] item: Leftovers
|upkeep
|turn|85
|L|marcop9923
|J|kod4k
|J|ce jeu!!!
|choice|move doubleedge|move surf
|
|move|p2a: Frankie why|Surf|p1a: HODEN
|-damage|p1a: HODEN|238\/523 slp
|-curestatus|p1a: HODEN|slp|[msg]
|move|p1a: HODEN|Double-Edge|p2a: Frankie why
|-damage|p2a: Frankie why|277\/403
|-damage|p1a: HODEN|207\/523|[from] Recoil|[of] p2a: Frankie why
|
|-heal|p2a: Frankie why|302\/403|[from] item: Leftovers
|-heal|p1a: HODEN|239\/523|[from] item: Leftovers
|upkeep
|turn|86
|choice|move curse|move toxic
|
|move|p2a: Frankie why|Toxic|p1a: HODEN|[miss]
|-miss|p2a: Frankie why|p1a: HODEN
|move|p1a: HODEN|Curse|p1a: HODEN
|-unboost|p1a: HODEN|spe|1
|-boost|p1a: HODEN|atk|1
|-boost|p1a: HODEN|def|1
|
|-heal|p2a: Frankie why|327\/403|[from] item: Leftovers
|-heal|p1a: HODEN|271\/523|[from] item: Leftovers
|upkeep
|turn|87
|J|Staxi ❄️
|choice|move doubleedge|move toxic
|
|move|p2a: Frankie why|Toxic|p1a: HODEN
|-status|p1a: HODEN|tox
|move|p1a: HODEN|Double-Edge|p2a: Frankie why
|-damage|p2a: Frankie why|126\/403
|-damage|p1a: HODEN|221\/523 tox|[from] Recoil|[of] p2a: Frankie why
|-damage|p1a: HODEN|189\/523 tox|[from] tox|[of] p2a: Frankie why
|
|-heal|p2a: Frankie why|151\/403|[from] item: Leftovers
|-heal|p1a: HODEN|221\/523 tox|[from] item: Leftovers
|upkeep
|turn|88
|choice|move doubleedge|move rest
|
|move|p2a: Frankie why|Rest|p2a: Frankie why
|-status|p2a: Frankie why|slp
|-heal|p2a: Frankie why|403\/403 slp|[silent]
|-status|p2a: Frankie why|slp|[from] move: Rest
|move|p1a: HODEN|Double-Edge|p2a: Frankie why
|-damage|p2a: Frankie why|184\/403 slp
|-damage|p1a: HODEN|167\/523 tox|[from] Recoil|[of] p2a: Frankie why
|-damage|p1a: HODEN|103\/523 tox|[from] tox|[of] p2a: Frankie why
|
|-heal|p2a: Frankie why|209\/403 slp|[from] item: Leftovers
|-heal|p1a: HODEN|135\/523 tox|[from] item: Leftovers
|upkeep
|turn|89
|L|Quint.
|L|patlop2307
|L|otte93
|J|patlop2307
|J|King Cacturne
|J|scotti
|L|Sabella⚓
|J|Quint.
|J|Sabella⚓
|J|WECAMEASROMANS
|J|TheThorn
|L|King Cacturne
|L|Vileman
|L|Quint.
|L|Mob Barley
|J|Quint.
|L|Sarai Ayarza
|L|Steve Angello
|J|Steve Angello
|L|RoxClo Bleach
|L|blunderr
|L|lax
|L|Quint.
|J|very fuckin rare
|J|Mob Barley
|L|Vai Lusa ★
|J|sneka
|L|hamhamhamham
|J|Mengy¨̮
|J|hamhamhamham
|L|Mengy¨̮
|L|rnbs
|J|Gtcha
|choice|move rest|move sleeptalk
|
|cant|p2a: Frankie why|slp
|move|p2a: Frankie why|Sleep Talk|p2a: Frankie why
|move|p2a: Frankie why|Surf|p1a: HODEN|[from]Sleep Talk
|-damage|p1a: HODEN|40\/523 tox
|move|p1a: HODEN|Rest|p1a: HODEN
|-status|p1a: HODEN|slp
|-heal|p1a: HODEN|523\/523 slp|[silent]
|-status|p1a: HODEN|slp|[from] move: Rest
|
|-heal|p2a: Frankie why|234\/403 slp|[from] item: Leftovers
|upkeep
|turn|90
|choice|move doubleedge|switch 2
|
|switch|p2a: butterfly|Skarmory, M|299\/333
|cant|p1a: HODEN|slp
|
|upkeep
|turn|91
|J|Amaroq
|choice|move doubleedge|move curse
|
|move|p2a: butterfly|Curse|p2a: butterfly
|-unboost|p2a: butterfly|spe|1
|-boost|p2a: butterfly|atk|1
|-boost|p2a: butterfly|def|1
|cant|p1a: HODEN|slp
|
|upkeep
|turn|92
|L|gayboi farti
|L|Michielleus
|J|Evuelf
|choice|switch 5|move drillpeck
|
|switch|p1a: Johann|Umbreon, M|391\/393 slp
|-damage|p1a: Johann|342\/393 slp|[from] Spikes
|move|p2a: butterfly|Drill Peck|p1a: Johann
|-damage|p1a: Johann|220\/393 slp
|
|-heal|p1a: Johann|244\/393 slp|[from] item: Leftovers
|upkeep
|turn|93
|J|Zokuru ☭
|choice|move sleeptalk|switch 2
|
|switch|p2a: Frankie why|Suicune|234\/403 slp
|-curestatus|p1a: Johann|slp|[msg]
|move|p1a: Johann|Sleep Talk|p1a: Johann
|-fail|p1a: Johann
|
|-heal|p2a: Frankie why|259\/403 slp|[from] item: Leftovers
|-heal|p1a: Johann|268\/393|[from] item: Leftovers
|upkeep
|turn|94
|L|sed➰ertz
|L|LordBW
|L|rekeri ❤~❤
|J|L3 Riokl
|L|Steve Angello
|J|RamboSS
|choice|switch 5|move sleeptalk
|
|switch|p1a: HODEN|Snorlax, M|523\/523 slp
|-damage|p1a: HODEN|458\/523 slp|[from] Spikes
|cant|p2a: Frankie why|slp
|move|p2a: Frankie why|Sleep Talk|p2a: Frankie why
|move|p2a: Frankie why|Rest|p2a: Frankie why|[from]Sleep Talk
|-heal|p2a: Frankie why|403\/403 slp|[silent]
|-status|p2a: Frankie why|slp|[from] move: Rest
|
|-heal|p1a: HODEN|490\/523 slp|[from] item: Leftovers
|upkeep
|turn|95
|L|the mj show
|J|hogg
|L|RamboSS
|choice|move curse|switch 2
|
|switch|p2a: butterfly|Skarmory, M|299\/333
|-curestatus|p1a: HODEN|slp|[msg]
|move|p1a: HODEN|Curse|p1a: HODEN
|-unboost|p1a: HODEN|spe|1
|-boost|p1a: HODEN|atk|1
|-boost|p1a: HODEN|def|1
|
|-heal|p1a: HODEN|522\/523|[from] item: Leftovers
|upkeep
|turn|96
|choice|move doubleedge|move whirlwind
|
|move|p1a: HODEN|Double-Edge|p2a: butterfly
|-resisted|p2a: butterfly
|-damage|p2a: butterfly|207\/333
|-damage|p1a: HODEN|499\/523|[from] Recoil|[of] p2a: butterfly
|move|p2a: butterfly|Whirlwind|p1a: HODEN
|drag|p1a: Johann|Umbreon, M|268\/393
|-damage|p1a: Johann|219\/393|[from] Spikes
|
|-heal|p1a: Johann|243\/393|[from] item: Leftovers
|upkeep
|turn|97
|L|Updated Kanto
|choice|switch 5|move curse
|
|switch|p1a: HODEN|Snorlax, M|499\/523
|-damage|p1a: HODEN|434\/523|[from] Spikes
|move|p2a: butterfly|Curse|p2a: butterfly
|-unboost|p2a: butterfly|spe|1
|-boost|p2a: butterfly|atk|1
|-boost|p2a: butterfly|def|1
|
|-heal|p1a: HODEN|466\/523|[from] item: Leftovers
|upkeep
|turn|98
|choice|switch 3|move drillpeck
|
|switch|p1a: DDR|Skarmory, M|333\/333
|move|p2a: butterfly|Drill Peck|p1a: DDR
|-resisted|p1a: DDR
|-damage|p1a: DDR|282\/333
|
|-heal|p1a: DDR|302\/333|[from] item: Leftovers
|upkeep
|turn|99
|J|the mj show
|choice|move whirlwind|move rest
|
|move|p2a: butterfly|Rest|p2a: butterfly
|-status|p2a: butterfly|slp
|-heal|p2a: butterfly|333\/333 slp|[silent]
|-status|p2a: butterfly|slp|[from] move: Rest
|move|p1a: DDR|Whirlwind|p2a: butterfly
|drag|p2a: who's your friend|Forretress, M|84\/353 par
|
|-heal|p1a: DDR|322\/333|[from] item: Leftovers
|-heal|p2a: who's your friend|106\/353 par|[from] item: Leftovers
|upkeep
|turn|100
|L|hogg
|J|FAJI
|J|blunderr
|L|HaxNeverMatter
|choice|move drillpeck|switch 5
|
|switch|p2a: butterfly|Skarmory, M|333\/333 slp
|move|p1a: DDR|Drill Peck|p2a: butterfly
|-resisted|p2a: butterfly
|-damage|p2a: butterfly|299\/333 slp
|
|-heal|p1a: DDR|333\/333|[from] item: Leftovers
|upkeep
|turn|101
|J|rnbs
|choice|switch 3|switch 2
|
|switch|p2a: Frankie why|Suicune|403\/403 slp
|switch|p1a: HODEN|Snorlax, M|466\/523
|-damage|p1a: HODEN|401\/523|[from] Spikes
|
|-heal|p1a: HODEN|433\/523|[from] item: Leftovers
|upkeep
|turn|102
|J|L0NE
|choice|move curse|switch 2
|
|switch|p2a: butterfly|Skarmory, M|299\/333 slp
|move|p1a: HODEN|Curse|p1a: HODEN
|-unboost|p1a: HODEN|spe|1
|-boost|p1a: HODEN|atk|1
|-boost|p1a: HODEN|def|1
|
|-heal|p1a: HODEN|465\/523|[from] item: Leftovers
|upkeep
|turn|103
|J|lametears
|choice|move doubleedge|move curse
|
|cant|p2a: butterfly|slp
|move|p1a: HODEN|Double-Edge|p2a: butterfly
|-resisted|p2a: butterfly
|-damage|p2a: butterfly|208\/333 slp
|-damage|p1a: HODEN|443\/523|[from] Recoil|[of] p2a: butterfly
|
|-heal|p1a: HODEN|475\/523|[from] item: Leftovers
|upkeep
|turn|104
|J|Tom0410
|choice|move doubleedge|move whirlwind
|
|move|p1a: HODEN|Double-Edge|p2a: butterfly
|-resisted|p2a: butterfly
|-damage|p2a: butterfly|114\/333 slp
|-damage|p1a: HODEN|452\/523|[from] Recoil|[of] p2a: butterfly
|cant|p2a: butterfly|slp
|
|-heal|p1a: HODEN|484\/523|[from] item: Leftovers
|upkeep
|turn|105
|choice|move doubleedge|move whirlwind
|
|move|p1a: HODEN|Double-Edge|p2a: butterfly
|-resisted|p2a: butterfly
|-damage|p2a: butterfly|26\/333 slp
|-damage|p1a: HODEN|462\/523|[from] Recoil|[of] p2a: butterfly
|-curestatus|p2a: butterfly|slp|[msg]
|move|p2a: butterfly|Whirlwind|p1a: HODEN
|drag|p1a: DDR|Skarmory, M|333\/333
|
|upkeep
|turn|106
|L|Crisis39
|choice|move drillpeck|switch 2
|
|switch|p2a: Frankie why|Suicune|403\/403 slp
|move|p1a: DDR|Drill Peck|p2a: Frankie why
|-damage|p2a: Frankie why|323\/403 slp
|
|-heal|p2a: Frankie why|348\/403 slp|[from] item: Leftovers
|upkeep
|turn|107
|L|King Kdot
|choice|move drillpeck|move sleeptalk
|
|cant|p2a: Frankie why|slp
|move|p2a: Frankie why|Sleep Talk|p2a: Frankie why
|move|p2a: Frankie why|Rest|p2a: Frankie why|[from]Sleep Talk
|-heal|p2a: Frankie why|403\/403 slp|[silent]
|-status|p2a: Frankie why|slp|[from] move: Rest
|move|p1a: DDR|Drill Peck|p2a: Frankie why
|-damage|p2a: Frankie why|330\/403 slp
|
|-heal|p2a: Frankie why|355\/403 slp|[from] item: Leftovers
|upkeep
|turn|108
|choice|move drillpeck|move sleeptalk
|
|cant|p2a: Frankie why|slp
|move|p2a: Frankie why|Sleep Talk|p2a: Frankie why
|move|p2a: Frankie why|Rest|p2a: Frankie why|[from]Sleep Talk
|-heal|p2a: Frankie why|403\/403 slp|[silent]
|-status|p2a: Frankie why|slp|[from] move: Rest
|move|p1a: DDR|Drill Peck|p2a: Frankie why
|-crit|p2a: Frankie why
|-damage|p2a: Frankie why|268\/403 slp
|
|-heal|p2a: Frankie why|293\/403 slp|[from] item: Leftovers
|upkeep
|turn|109
|choice|switch 5|move toxic
|
|switch|p1a: Johann|Umbreon, M|243\/393
|-damage|p1a: Johann|194\/393|[from] Spikes
|cant|p2a: Frankie why|slp
|
|-heal|p2a: Frankie why|318\/403 slp|[from] item: Leftovers
|-heal|p1a: Johann|218\/393|[from] item: Leftovers
|upkeep
|turn|110
|L|L3 Riokl
|L|Mercury07
|J|marcop9923
|choice|switch 5|switch 2
|
|switch|p2a: butterfly|Skarmory, M|26\/333
|switch|p1a: DDR|Skarmory, M|333\/333
|
|upkeep
|turn|111
|L|patlop2307
|choice|move drillpeck|switch 2
|
|switch|p2a: Frankie why|Suicune|318\/403 slp
|move|p1a: DDR|Drill Peck|p2a: Frankie why
|-damage|p2a: Frankie why|242\/403 slp
|
|-heal|p2a: Frankie why|267\/403 slp|[from] item: Leftovers
|upkeep
|turn|112
|L|qwily
|J|L3 Riokl
|J|DeepBlueC ❣
|choice|move drillpeck|move sleeptalk
|
|cant|p2a: Frankie why|slp
|move|p2a: Frankie why|Sleep Talk|p2a: Frankie why
|move|p2a: Frankie why|Rest|p2a: Frankie why|[from]Sleep Talk
|-heal|p2a: Frankie why|403\/403 slp|[silent]
|-status|p2a: Frankie why|slp|[from] move: Rest
|move|p1a: DDR|Drill Peck|p2a: Frankie why
|-damage|p2a: Frankie why|327\/403 slp
|
|-heal|p2a: Frankie why|352\/403 slp|[from] item: Leftovers
|upkeep
|turn|113
|choice|switch 3|move toxic
|
|switch|p1a: HODEN|Snorlax, M|462\/523
|-damage|p1a: HODEN|397\/523|[from] Spikes
|cant|p2a: Frankie why|slp
|
|-heal|p2a: Frankie why|377\/403 slp|[from] item: Leftovers
|-heal|p1a: HODEN|429\/523|[from] item: Leftovers
|upkeep
|turn|114
|choice|move curse|move sleeptalk
|
|cant|p2a: Frankie why|slp
|move|p2a: Frankie why|Sleep Talk|p2a: Frankie why
|move|p2a: Frankie why|Toxic|p1a: HODEN|[from]Sleep Talk
|-status|p1a: HODEN|tox
|move|p1a: HODEN|Curse|p1a: HODEN
|-unboost|p1a: HODEN|spe|1
|-boost|p1a: HODEN|atk|1
|-boost|p1a: HODEN|def|1
|-damage|p1a: HODEN|397\/523 tox|[from] tox|[of] p2a: Frankie why
|
|-heal|p2a: Frankie why|402\/403 slp|[from] item: Leftovers
|-heal|p1a: HODEN|429\/523 tox|[from] item: Leftovers
|upkeep
|turn|115
|choice|move doubleedge|move surf
|
|-curestatus|p2a: Frankie why|slp|[msg]
|move|p2a: Frankie why|Surf|p1a: HODEN
|-damage|p1a: HODEN|332\/523 tox
|move|p1a: HODEN|Double-Edge|p2a: Frankie why
|-damage|p2a: Frankie why|196\/403
|-damage|p1a: HODEN|281\/523 tox|[from] Recoil|[of] p2a: Frankie why
|-damage|p1a: HODEN|217\/523 tox|[from] tox|[of] p2a: Frankie why
|
|-heal|p2a: Frankie why|221\/403|[from] item: Leftovers
|-heal|p1a: HODEN|249\/523 tox|[from] item: Leftovers
|upkeep
|turn|116
|L|TSR
|J|qwily
|J|sed➰ertz
|choice|move doubleedge|move rest
|
|move|p2a: Frankie why|Rest|p2a: Frankie why
|-status|p2a: Frankie why|slp
|-heal|p2a: Frankie why|403\/403 slp|[silent]
|-status|p2a: Frankie why|slp|[from] move: Rest
|move|p1a: HODEN|Double-Edge|p2a: Frankie why
|-damage|p2a: Frankie why|188\/403 slp
|-damage|p1a: HODEN|196\/523 tox|[from] Recoil|[of] p2a: Frankie why
|-damage|p1a: HODEN|100\/523 tox|[from] tox|[of] p2a: Frankie why
|
|-heal|p2a: Frankie why|213\/403 slp|[from] item: Leftovers
|-heal|p1a: HODEN|132\/523 tox|[from] item: Leftovers
|upkeep
|turn|117
|J|patlop2307
|choice|move doubleedge|move sleeptalk
|
|cant|p2a: Frankie why|slp
|move|p2a: Frankie why|Sleep Talk|p2a: Frankie why
|move|p2a: Frankie why|Toxic|p1a: HODEN|[from]Sleep Talk
|-fail|p1a: HODEN|tox
|move|p1a: HODEN|Double-Edge|p2a: Frankie why
|-damage|p2a: Frankie why|18\/403 slp
|-damage|p1a: HODEN|84\/523 tox|[from] Recoil|[of] p2a: Frankie why
|-damage|p1a: HODEN|0 fnt|[from] tox|[of] p2a: Frankie why
|faint|p1a: HODEN
|L|Zaettsu
|choice|switch 3|
|
|switch|p1a: DDR|Skarmory, M|333\/333
|
|-heal|p2a: Frankie why|43\/403 slp|[from] item: Leftovers
|upkeep
|turn|118
|c|☆Beds|gg
|choice|move drillpeck|switch 5
|
|switch|p2a: who's your friend|Forretress, M|106\/353 par
|move|p1a: DDR|Drill Peck|p2a: who's your friend
|-damage|p2a: who's your friend|43\/353 par
|
|-heal|p2a: who's your friend|65\/353 par|[from] item: Leftovers
|upkeep
|turn|119
|choice|move drillpeck|move protect
|
|move|p2a: who's your friend|Protect|p2a: who's your friend
|-singleturn|p2a: who's your friend|Protect
|move|p1a: DDR|Drill Peck|p2a: who's your friend
|-activate|p2a: who's your friend|Protect
|
|-heal|p2a: who's your friend|87\/353 par|[from] item: Leftovers
|upkeep
|turn|120
|choice|move drillpeck|move protect
|
|cant|p2a: who's your friend|par
|move|p1a: DDR|Drill Peck|p2a: who's your friend
|-damage|p2a: who's your friend|19\/353 par
|
|-heal|p2a: who's your friend|41\/353 par|[from] item: Leftovers
|upkeep
|turn|121
|choice|move drillpeck|move protect
|
|cant|p2a: who's your friend|par
|move|p1a: DDR|Drill Peck|p2a: who's your friend
|-damage|p2a: who's your friend|0 fnt
|faint|p2a: who's your friend
|J|starmaster
|J|Updated Kanto
|choice||switch 6
|
|switch|p2a: Frankie M|Snorlax, M|223\/523
|
|-heal|p2a: Frankie M|255\/523|[from] item: Leftovers
|upkeep
|turn|122
|J|Vore Gidal
|J|hogg
|choice|move drillpeck|move rest
|
|move|p1a: DDR|Drill Peck|p2a: Frankie M
|-damage|p2a: Frankie M|151\/523
|move|p2a: Frankie M|Rest|p2a: Frankie M
|-status|p2a: Frankie M|slp
|-heal|p2a: Frankie M|523\/523 slp|[silent]
|-status|p2a: Frankie M|slp|[from] move: Rest
|
|upkeep
|turn|123
|choice|move drillpeck|move doubleedge
|
|move|p1a: DDR|Drill Peck|p2a: Frankie M
|-crit|p2a: Frankie M
|-damage|p2a: Frankie M|333\/523 slp
|cant|p2a: Frankie M|slp
|
|-heal|p2a: Frankie M|365\/523 slp|[from] item: Leftovers
|upkeep
|turn|124
|c|☆Beds|one
|choice|move drillpeck|move rest
|
|move|p1a: DDR|Drill Peck|p2a: Frankie M
|-damage|p2a: Frankie M|257\/523 slp
|cant|p2a: Frankie M|slp
|
|-heal|p2a: Frankie M|289\/523 slp|[from] item: Leftovers
|upkeep
|turn|125
|choice|move drillpeck|move rest
|
|move|p1a: DDR|Drill Peck|p2a: Frankie M
|-damage|p2a: Frankie M|182\/523 slp
|-curestatus|p2a: Frankie M|slp|[msg]
|move|p2a: Frankie M|Rest|p2a: Frankie M
|-status|p2a: Frankie M|slp
|-heal|p2a: Frankie M|523\/523 slp|[silent]
|-status|p2a: Frankie M|slp|[from] move: Rest
|
|upkeep
|turn|126
|J|otte93
|choice|move drillpeck|move flamethrower
|
|move|p1a: DDR|Drill Peck|p2a: Frankie M
|-damage|p2a: Frankie M|416\/523 slp
|cant|p2a: Frankie M|slp
|
|-heal|p2a: Frankie M|448\/523 slp|[from] item: Leftovers
|upkeep
|turn|127
|choice|move drillpeck|move flamethrower
|
|move|p1a: DDR|Drill Peck|p2a: Frankie M
|-damage|p2a: Frankie M|345\/523 slp
|cant|p2a: Frankie M|slp
|
|-heal|p2a: Frankie M|377\/523 slp|[from] item: Leftovers
|upkeep
|turn|128
|choice|move drillpeck|move flamethrower
|
|move|p1a: DDR|Drill Peck|p2a: Frankie M
|-damage|p2a: Frankie M|270\/523 slp
|-curestatus|p2a: Frankie M|slp|[msg]
|move|p2a: Frankie M|Flamethrower|p1a: DDR
|-supereffective|p1a: DDR
|-damage|p1a: DDR|185\/333
|
|-heal|p1a: DDR|205\/333|[from] item: Leftovers
|-heal|p2a: Frankie M|302\/523|[from] item: Leftovers
|upkeep
|turn|129
|choice|move drillpeck|move rest
|
|move|p1a: DDR|Drill Peck|p2a: Frankie M
|-damage|p2a: Frankie M|193\/523
|move|p2a: Frankie M|Rest|p2a: Frankie M
|-status|p2a: Frankie M|slp
|-heal|p2a: Frankie M|523\/523 slp|[silent]
|-status|p2a: Frankie M|slp|[from] move: Rest
|
|-heal|p1a: DDR|225\/333|[from] item: Leftovers
|upkeep
|turn|130
|L|teal6
|choice|move drillpeck|move flamethrower
|
|move|p1a: DDR|Drill Peck|p2a: Frankie M
|-damage|p2a: Frankie M|410\/523 slp
|cant|p2a: Frankie M|slp
|
|-heal|p1a: DDR|245\/333|[from] item: Leftovers
|-heal|p2a: Frankie M|442\/523 slp|[from] item: Leftovers
|upkeep
|turn|131
|choice|move drillpeck|move flamethrower
|
|move|p1a: DDR|Drill Peck|p2a: Frankie M
|-damage|p2a: Frankie M|333\/523 slp
|cant|p2a: Frankie M|slp
|
|-heal|p1a: DDR|265\/333|[from] item: Leftovers
|-heal|p2a: Frankie M|365\/523 slp|[from] item: Leftovers
|upkeep
|turn|132
|L|Updated Kanto
|J|Jet
|choice|move drillpeck|move flamethrower
|
|move|p1a: DDR|Drill Peck|p2a: Frankie M
|-damage|p2a: Frankie M|262\/523 slp
|-curestatus|p2a: Frankie M|slp|[msg]
|move|p2a: Frankie M|Flamethrower|p1a: DDR
|-supereffective|p1a: DDR
|-damage|p1a: DDR|125\/333
|
|-heal|p1a: DDR|145\/333|[from] item: Leftovers
|-heal|p2a: Frankie M|294\/523|[from] item: Leftovers
|upkeep
|turn|133
|choice|move drillpeck|move rest
|
|move|p1a: DDR|Drill Peck|p2a: Frankie M
|-damage|p2a: Frankie M|180\/523
|move|p2a: Frankie M|Rest|p2a: Frankie M
|-status|p2a: Frankie M|slp
|-heal|p2a: Frankie M|523\/523 slp|[silent]
|-status|p2a: Frankie M|slp|[from] move: Rest
|
|-heal|p1a: DDR|165\/333|[from] item: Leftovers
|upkeep
|turn|134
|L|Leftiez
|L|hogg
|J|gameboymenace
|choice|move drillpeck|move flamethrower
|
|move|p1a: DDR|Drill Peck|p2a: Frankie M
|-damage|p2a: Frankie M|410\/523 slp
|cant|p2a: Frankie M|slp
|
|-heal|p1a: DDR|185\/333|[from] item: Leftovers
|-heal|p2a: Frankie M|442\/523 slp|[from] item: Leftovers
|upkeep
|turn|135
|L|very fuckin rare
|choice|move drillpeck|move flamethrower
|
|move|p1a: DDR|Drill Peck|p2a: Frankie M
|-damage|p2a: Frankie M|329\/523 slp
|cant|p2a: Frankie M|slp
|
|-heal|p1a: DDR|205\/333|[from] item: Leftovers
|-heal|p2a: Frankie M|361\/523 slp|[from] item: Leftovers
|upkeep
|turn|136
|L|ict
|choice|move drillpeck|move flamethrower
|
|move|p1a: DDR|Drill Peck|p2a: Frankie M
|-damage|p2a: Frankie M|251\/523 slp
|-curestatus|p2a: Frankie M|slp|[msg]
|move|p2a: Frankie M|Flamethrower|p1a: DDR
|-supereffective|p1a: DDR
|-damage|p1a: DDR|67\/333
|
|-heal|p1a: DDR|87\/333|[from] item: Leftovers
|-heal|p2a: Frankie M|283\/523|[from] item: Leftovers
|upkeep
|turn|137
|J|IronBullet
|choice|move drillpeck|move flamethrower
|
|move|p1a: DDR|Drill Peck|p2a: Frankie M
|-damage|p2a: Frankie M|175\/523
|move|p2a: Frankie M|Flamethrower|p1a: DDR
|-supereffective|p1a: DDR
|-damage|p1a: DDR|0 fnt
|faint|p1a: DDR
|choice|switch 5|
|
|switch|p1a: Johann|Umbreon, M|218\/393
|-damage|p1a: Johann|169\/393|[from] Spikes
|
|-heal|p1a: Johann|193\/393|[from] item: Leftovers
|-heal|p2a: Frankie M|207\/523|[from] item: Leftovers
|upkeep
|turn|138
|choice|move pursuit|move doubleedge
|
|move|p1a: Johann|Pursuit|p2a: Frankie M
|-damage|p2a: Frankie M|176\/523
|move|p2a: Frankie M|Double-Edge|p1a: Johann
|-damage|p1a: Johann|57\/393
|-damage|p2a: Frankie M|142\/523|[from] Recoil|[of] p1a: Johann
|
|-heal|p1a: Johann|81\/393|[from] item: Leftovers
|-heal|p2a: Frankie M|174\/523|[from] item: Leftovers
|upkeep
|turn|139
|J|dedic
|choice|move pursuit|move doubleedge
|
|move|p1a: Johann|Pursuit|p2a: Frankie M
|-damage|p2a: Frankie M|142\/523
|move|p2a: Frankie M|Double-Edge|p1a: Johann
|-crit|p1a: Johann
|-damage|p1a: Johann|0 fnt
|faint|p1a: Johann
|
|win|BKC
|-damage|p2a: Frankie M|122\/523|[from] Recoil|[of] p1: Johann
|L|Isa
|c|☆BKC|gg
|L|L0RD_NINJAX
|L|ABR^
|L|HJAD
|L|Jayde
|J|very fuckin rare
|L|menci x3
|L|Erz
|L|Roro
|L|WECAMEASROMANS
|L|Sken
|L|Lednah
|L|Blackoblivion
|L|Enki❄
|L|GOATDON
|L|M Dragon -*-*
|L|Bouff
|L|FAJI
|L|Hikari
|L|ChillShadow
|L|dedic
|L|bandaidfan
|L|patlop2307
|L|Lohgock
|L|Garay oak
|L|very fuckin rare
|L|Mob Barley
|L|Trosko
|L|Vore Gidal
|L|BHARATH_THEBEST
|L|King Kadoobz
|L|george182
|L|Itstbruh
|L|Finchinator
|L|Kingler12345
|L|Machopstix
|L|sed➰ertz
|L|Amaroq
|L|Lord Esche
|L|Axel10★★★
|L|IronBullet
|L|Lavos
|L|Dear Snack
|J|torkool
|L|reiku
|L|torkool
|L|rozes
|L|Genesis7
|L|i bims deine mum
|L|Spl4sh
|L|Quite Quiet
|L|Blublu la legende
|L|klefkiholder
|L|Doctor_DraX
|L|jirachee
|L|DeepBlueC ❣
|L|Zamrock
|L|the mj show
|L|DestinyUnknown
|L|flcl
|L|Gondra
|L|sneka
|L|tamahome
|L|Rinzer%%%
|J|Pork Chop Man
|L|k legacy
|L|relous
|L|Pork Chop Man
|L|Gunner Rohan
|L|Sabella⚓
|L|tsmugs
|L|THE PDC SHOW
|L|fish18
|L|LUCK>SKILL
|L|Newalfonquest
|L|gameboymenace
|L|Whims of Fate
|L|Eon lights
|L|Aurious
|L|qwily
|L|scotti
|L|Tobes
|L|TheThorn
|L|reyscarface
|L|Lcans
|L|King DeDeDerp
|L|FMG *_*
|L|test1337xx
|L|Nightcore
|J|hogg
|L|Jinover
|L|HitmonToppo
|L|Corazan❄
|L|hogg
|L|starmaster
|L|Lucardinho
|L|tigers jaw
|L|Cdumas *-*
|J|Purifier
|L|otte93
|L|SOULGAZER
|L|Evuelf
|L|ReshiRampage
|L|Raiza
|J|Bouff
|L|Larlev
|J|miyoka ))))))
|L|bro fist
|L|legavgc
|L|Note Heartless
|J|TSR
|L|miyoka ))))))
|L|NaughtyOttsel
|L|Poek ☾
|L|MicroDong
|L|Acsel
|L|R3tardo
|L|meeps
|L|HODOR❄_❄
|L|Zokuru ☭
|L|MamoJustWins
|L|TSR
|L|Elodin
|L|Twixtry
|L|Bouff
|L|Beds
|L|L0NE
|L|blunderr
|L|marcop9923
|L|Feliburn
|L|Papa Mosconi I
|L|tko
|L|miltankmilk
|L|lnsult
|J|Bad Rolls
|J|King Kdot
|J|Vai Lusa ★
|L|Becks
|L|Pohjis
|L|Mizuhime
|L|Crosby > Dylan
|L|Astaa
|L|Gtcha
|L|Tom0410
|L|Vai Lusa ★
|J|Twixtry
|L|Tom Bus
|L|Peasounay
|L|Twixtry
|J|very fuckin rare
|L|Unamed
|L|Seir
|L|Alexander^%%
|L|Jet
|L|BKC
|L|Sealette
|L|Bro Kappa
|L|Tricking
|L|Betapf
|L|vikasso
|J|Updated Kanto
|L|King Moirai
|J|Corazan❄
|L|Updated Kanto
|J|1 True Lycan
|L|1 True Lycan
|L|Jimmy Turtwig
|L|BLINGAS
|L|lametears
|L|King Kdot
|L|blinkboy
|L|tollundjetzt
|L|Purifier
|L|Michy47
|J|King Moirai
|L|Hootie
|J|afsdkerklgr
|L|Exiline ♫
|L|afsdkerklgr
|J|sed➰ertz
|L|sed➰ertz
|L|Sharp Ladder UU
|L|Jytcampbell
|L|Corazan❄
|L|roystopror
|L|ColonelM
|L|craing
|L|shaneghoul
|J|roystopror
|L|giara ★_★
|L|Jaicron
|L|King Moirai
|L|L3 Riokl
|L|OVERLORD_FOLGORIO
|L|Bushtush
|L|Word Up CUH
|L|they fear inside
|L|SOMALIA
|J|hsa
|L|hsa
|L|PicolloDBZ
|L|Simiatic
|L|trappinincurrents
|L|Staxi ❄️
|L|Zephir
|J|The AAML Committee
|L|Astamatitos
|J|Luispeikou ツ
|J|Ojama
|J|Imperator Caesar
|L|Luispeikou ツ
|J|MikeDecIsHere
|L|DTC
|L|rnbs
|L|Imperator Caesar
|L|MikeDecIsHere
|L|ludicrousman
|L|Omfuga</script>
</div>
<div class="battle-log battle-log-inline"><div class="inner"><div class="battle-options"></div><div class="inner"><div class=""><small>Format:</small> <br><strong>[Gen 2] OU</strong></div><div class=""><small><em>Sleep Clause Mod:</em> Limit one foe put to sleep</small></div><div class=""><small><em>Species Clause:</em> Limit one of each Pokémon</small></div><div class=""><small><em>OHKO Clause:</em> OHKO moves are banned</small></div><div class=""><small><em>Evasion Moves Clause:</em> Evasion moves are banned</small></div><div class=""><small><em>HP Percentage Mod:</em> HP is shown in percentages</small></div><div class="spacer battle-history"><br></div><div class="battle-history">Battle started between Beds and BKC!<br></div><div class="spacer battle-history"><br></div><div class="battle-history">Go! HODEN (<strong>Snorlax</strong>)!<br></div><div class="spacer battle-history"><br></div><div class="battle-history">BKC sent out Frankie M (<strong>Snorlax</strong>)!<br></div><div class="spacer battle-history"><br></div><h2 class="battle-history">Turn 1</h2><div class="chat chatmessage-welliou"><strong style="color:#7a9f15"><small>+</small><span class="username" data-name="w^e^l^l^i^o^u">w^e^l^l^i^o^u</span>:</strong> <em>in</em></div><div class="chat"><div class="broadcast-red"><strong>Moderated chat was set to @!</strong><br>Only users of rank @ and higher can talk.</div></div><div class="chat message-error">Battle timer is ON: inactive players will automatically lose when time's up. (requested by rozes)</div><div class="chat chatmessage-bkc"><strong style="color:#7f7f2f"><small>☆</small><span class="username" data-name="BKC">BKC</span>:</strong> <em>have fun bro</em></div><div class="chat chatmessage-beds"><strong style="color:#5360ed"><small>☆</small><span class="username" data-name="Beds">Beds</span>:</strong> <em>HODEN</em></div><div class="chat chatmessage-beds"><strong style="color:#5360ed"><small>☆</small><span class="username" data-name="Beds">Beds</span>:</strong> <em>gl hf</em></div><div class="spacer battle-history"><br></div><div class="battle-history">The opposing Frankie M used <strong>Double-Edge</strong>!<br></div><div class="battle-history"><small>(HODEN lost <abbr title="−194/523">37.1%</abbr> of its health!)</small><br></div><div class="battle-history"><small>The opposing Frankie M was damaged by the recoil!</small><br></div><div class="spacer battle-history"><br></div><div class="battle-history">HODEN used <strong>Double-Edge</strong>!<br></div><div class="battle-history"><small>(The opposing Frankie M lost <abbr title="−183/523">35.0%</abbr> of its health!)</small><br></div><div class="battle-history"><small>HODEN was damaged by the recoil!</small><br></div><div class="spacer battle-history"><br></div><div class="battle-history"><small>HODEN restored a little HP using its Leftovers!</small><br></div><div class="battle-history"><small>The opposing Frankie M restored a little HP using its Leftovers!</small><br></div><div class="spacer battle-history"><br></div><h2 class="battle-history">Turn 2</h2><div class="chat chatmessage-bkc"><strong style="color:#7f7f2f"><small>☆</small><span class="username" data-name="BKC">BKC</span>:</strong> <em>edgy</em></div><div class="spacer battle-history"><br></div><div class="battle-history">HODEN, come back!<br></div><div class="battle-history">Go! DDR (<strong>Skarmory</strong>)!<br></div><div class="spacer battle-history"><br></div><div class="battle-history">The opposing Frankie M used <strong>Double-Edge</strong>!<br></div><div class="battle-history"><small>It's not very effective...</small><br></div><div class="battle-history"><small>(DDR lost <abbr title="−62/333">18.6%</abbr> of its health!)</small><br></div><div class="battle-history"><small>The opposing Frankie M was damaged by the recoil!</small><br></div><div class="spacer battle-history"><br></div><div class="battle-history"><small>The opposing Frankie M restored a little HP using its Leftovers!</small><br></div><div class="spacer battle-history"><br></div><h2 class="battle-history">Turn 3</h2><div class="spacer battle-history"><br></div><div class="battle-history">BKC withdrew Frankie M!<br></div><div class="battle-history">BKC sent out butterfly (<strong>Skarmory</strong>)!<br></div><div class="spacer battle-history"><br></div><div class="battle-history">DDR used <strong>Thief</strong>!<br></div><div class="battle-history"><small>It's not very effective...</small><br></div><div class="battle-history"><small>(The opposing butterfly lost <abbr title="−12/333">3.6%</abbr> of its health!)</small><br></div><div class="battle-history"><small>DDR stole the opposing butterfly's Leftovers!</small><br></div><div class="spacer battle-history"><br></div><div class="battle-history"><small>DDR restored a little HP using its Leftovers!</small><br></div><div class="spacer battle-history"><br></div><h2 class="battle-history">Turn 4</h2><div class="spacer battle-history"><br></div><div class="battle-history">BKC withdrew butterfly!<br></div><div class="battle-history">BKC sent out autumn dies (<strong>Raikou</strong>)!<br></div><div class="spacer battle-history"><br></div><div class="battle-history">DDR used <strong>Drill Peck</strong>!<br></div><div class="battle-history"><small>It's not very effective...</small><br></div><div class="battle-history"><small>(The opposing autumn dies lost <abbr title="−51/383">13.3%</abbr> of its health!)</small><br></div><div class="spacer battle-history"><br></div><div class="battle-history"><small>The opposing autumn dies restored a little HP using its Leftovers!</small><br></div><div class="battle-history"><small>DDR restored a little HP using its Leftovers!</small><br></div><div class="spacer battle-history"><br></div><h2 class="battle-history">Turn 5</h2><div class="spacer battle-history"><br></div><div class="battle-history">DDR, come back!<br></div><div class="battle-history">Go! Faust Brudi (<strong>Nidoking</strong>)!<br></div><div class="spacer battle-history"><br></div><div class="battle-history">The opposing autumn dies used <strong>Roar</strong>!<br></div><div class="spacer battle-history"><br></div><div class="battle-history">DDR (<strong>Skarmory</strong>) was dragged out!<br></div><div class="spacer battle-history"><br></div><div class="battle-history"><small>The opposing autumn dies restored a little HP using its Leftovers!</small><br></div><div class="battle-history"><small>DDR restored a little HP using its Leftovers!</small><br></div><div class="spacer battle-history"><br></div><h2 class="battle-history">Turn 6</h2><div class="spacer battle-history"><br></div><div class="battle-history">DDR, come back!<br></div><div class="battle-history">Go! HODEN (<strong>Snorlax</strong>)!<br></div><div class="spacer battle-history"><br></div><div class="battle-history">The opposing autumn dies used <strong>Roar</strong>!<br></div><div class="spacer battle-history"><br></div><div class="battle-history">Johann (<strong>Umbreon</strong>) was dragged out!<br></div><div class="spacer battle-history"><br></div><div class="battle-history"><small>The opposing autumn dies restored a little HP using its Leftovers!</small><br></div><div class="spacer battle-history"><br></div><h2 class="battle-history">Turn 7</h2><div class="spacer battle-history"><br></div><div class="battle-history">Johann, come back!<br></div><div class="battle-history">Go! Faust Brudi (<strong>Nidoking</strong>)!<br></div><div class="spacer battle-history"><br></div><div class="battle-history">The opposing autumn dies used <strong>Roar</strong>!<br></div><div class="spacer battle-history"><br></div><div class="battle-history">DDR (<strong>Skarmory</strong>) was dragged out!<br></div><div class="spacer battle-history"><br></div><div class="battle-history"><small>DDR restored a little HP using its Leftovers!</small><br></div><div class="spacer battle-history"><br></div><h2 class="battle-history">Turn 8</h2><div class="spacer battle-history"><br></div><div class="battle-history">BKC withdrew autumn dies!<br></div><div class="battle-history">BKC sent out Frankie M (<strong>Snorlax</strong>)!<br></div><div class="spacer battle-history"><br></div><div class="battle-history">DDR, come back!<br></div><div class="battle-history">Go! Faust Brudi (<strong>Nidoking</strong>)!<br></div><div class="spacer battle-history"><br></div><div class="battle-history"><small>The opposing Frankie M restored a little HP using its Leftovers!</small><br></div><div class="spacer battle-history"><br></div><h2 class="battle-history">Turn 9</h2><div class="spacer battle-history"><br></div><div class="battle-history">Faust Brudi used <strong>Earthquake</strong>!<br></div><div class="battle-history"><small>(The opposing Frankie M lost <abbr title="−140/523">26.8%</abbr> of its health!)</small><br></div><div class="spacer battle-history"><br></div><div class="battle-history">The opposing Frankie M used <strong>Double-Edge</strong>!<br></div><div class="battle-history"><small>(Faust Brudi lost <abbr title="−169/365">46.3%</abbr> of its health!)</small><br></div><div class="battle-history"><small>The opposing Frankie M was damaged by the recoil!</small><br></div><div class="spacer battle-history"><br></div><div class="battle-history"><small>Faust Brudi restored a little HP using its Leftovers!</small><br></div><div class="battle-history"><small>The opposing Frankie M restored a little HP using its Leftovers!</small><br></div><div class="spacer battle-history"><br></div><h2 class="battle-history">Turn 10</h2><div class="spacer battle-history"><br></div><div class="battle-history">BKC withdrew Frankie M!<br></div><div class="battle-history">BKC sent out Frankie why (<strong>Suicune</strong>)!<br></div><div class="spacer battle-history"><br></div><div class="battle-history">Faust Brudi used <strong>Counter</strong>!<br></div><div class="battle-history"><small>But it failed!</small><br></div><div class="spacer battle-history"><br></div><div class="battle-history"><small>Faust Brudi restored a little HP using its Leftovers!</small><br></div><div class="spacer battle-history"><br></div><h2 class="battle-history">Turn 11</h2><div class="spacer battle-history"><br></div><div class="battle-history">Faust Brudi, come back!<br></div><div class="battle-history">Go! Marsmongo (<strong>Exeggutor</strong>)!<br></div><div class="spacer battle-history"><br></div><div class="battle-history">The opposing Frankie why used <strong>Toxic</strong>!<br></div><div class="battle-history"><small>Marsmongo was badly poisoned!</small><br></div><div class="spacer battle-history"><br></div><h2 class="battle-history">Turn 12</h2><div class="spacer battle-history"><br></div><div class="battle-history">The opposing Frankie why used <strong>Surf</strong>!<br></div><div class="battle-history"><small>It's not very effective...</small><br></div><div class="battle-history"><small>(Marsmongo lost <abbr title="−70/369">19.0%</abbr> of its health!)</small><br></div><div class="spacer battle-history"><br></div><div class="battle-history">Marsmongo used <strong>Psychic</strong>!<br></div><div class="battle-history"><small>(The opposing Frankie why lost <abbr title="−113/403">28.0%</abbr> of its health!)</small><br></div><div class="battle-history"><small>Marsmongo was hurt by poison!</small><br></div><div class="spacer battle-history"><br></div><div class="battle-history"><small>The opposing Frankie why restored a little HP using its Leftovers!</small><br></div><div class="battle-history"><small>Marsmongo restored a little HP using its Leftovers!</small><br></div><div class="spacer battle-history"><br></div><h2 class="battle-history">Turn 13</h2><div class="spacer battle-history"><br></div><div class="battle-history">BKC withdrew Frankie why!<br></div><div class="battle-history">BKC sent out live again (<strong>Tyranitar</strong>)!<br></div><div class="spacer battle-history"><br></div><div class="battle-history">Marsmongo used <strong>Psychic</strong>!<br></div><div class="battle-history"><small>It doesn't affect the opposing live again...</small><br></div><div class="battle-history"><small>Marsmongo was hurt by poison!</small><br></div><div class="spacer battle-history"><br></div><div class="battle-history"><small>Marsmongo restored a little HP using its Leftovers!</small><br></div><div class="spacer battle-history"><br></div><h2 class="battle-history">Turn 14</h2><div class="spacer battle-history"><br></div><div class="battle-history"><small>(Marsmongo is being withdrawn...)</small><br></div><div class="spacer battle-history"><br></div><div class="battle-history">The opposing live again used <strong>Pursuit</strong>!<br></div><div class="battle-history"><small>A critical hit!</small><br></div><div class="battle-history"><small>It's super effective!</small><br></div><div class="battle-history"><small>(Marsmongo lost <abbr title="−276/369">74.8%</abbr> of its health!)</small><br></div><div class="spacer battle-history"><br></div><div class="battle-history">Marsmongo fainted!<br></div><div class="battle-history">Go! Johann (<strong>Umbreon</strong>)!<br></div><div class="spacer battle-history"><br></div><h2 class="battle-history">Turn 15</h2><div class="spacer battle-history"><br></div><div class="battle-history">Johann, come back!<br></div><div class="battle-history">Go! HODEN (<strong>Snorlax</strong>)!<br></div><div class="spacer battle-history"><br></div><div class="battle-history">BKC withdrew live again!<br></div><div class="battle-history">BKC sent out butterfly (<strong>Skarmory</strong>)!<br></div><div class="spacer battle-history"><br></div><div class="battle-history"><small>HODEN restored a little HP using its Leftovers!</small><br></div><div class="spacer battle-history"><br></div><h2 class="battle-history">Turn 16</h2><div class="spacer battle-history"><br></div><div class="battle-history">HODEN used <strong>Double-Edge</strong>!<br></div><div class="battle-history"><small>It's not very effective...</small><br></div><div class="battle-history"><small>(The opposing butterfly lost <abbr title="−63/333">18.9%</abbr> of its health!)</small><br></div><div class="battle-history"><small>HODEN was damaged by the recoil!</small><br></div><div class="spacer battle-history"><br></div><div class="battle-history">The opposing butterfly used <strong>Whirlwind</strong>!<br></div><div class="spacer battle-history"><br></div><div class="battle-history">Johann (<strong>Umbreon</strong>) was dragged out!<br></div><div class="spacer battle-history"><br></div><h2 class="battle-history">Turn 17</h2><div class="spacer battle-history"><br></div><div class="battle-history">BKC withdrew butterfly!<br></div><div class="battle-history">BKC sent out autumn dies (<strong>Raikou</strong>)!<br></div><div class="spacer battle-history"><br></div><div class="battle-history">Johann, come back!<br></div><div class="battle-history">Go! Böser Arsch (<strong>Forretress</strong>)!<br></div><div class="spacer battle-history"><br></div><h2 class="battle-history">Turn 18</h2><div class="spacer battle-history"><br></div><div class="battle-history">The opposing autumn dies used <strong>Hidden Power</strong>!<br></div><div class="battle-history"><small>It's not very effective...</small><br></div><div class="battle-history"><small>(Böser Arsch lost <abbr title="−42/353">11.9%</abbr> of its health!)</small><br></div><div class="spacer battle-history"><br></div><div class="battle-history">Böser Arsch used <strong>Spikes</strong>!<br></div><div class="battle-history"><small>Spikes were scattered on the ground all around the opposing team!</small><br></div><div class="spacer battle-history"><br></div><div class="battle-history"><small>Böser Arsch restored a little HP using its Leftovers!</small><br></div><div class="spacer battle-history"><br></div><h2 class="battle-history">Turn 19</h2><div class="spacer battle-history"><br></div><div class="battle-history">Böser Arsch, come back!<br></div><div class="battle-history">Go! HODEN (<strong>Snorlax</strong>)!<br></div><div class="spacer battle-history"><br></div><div class="battle-history">The opposing autumn dies used <strong>Hidden Power</strong>!<br></div><div class="battle-history"><small>(HODEN lost <abbr title="−63/523">12.0%</abbr> of its health!)</small><br></div><div class="spacer battle-history"><br></div><div class="battle-history"><small>HODEN restored a little HP using its Leftovers!</small><br></div><div class="spacer battle-history"><br></div><h2 class="battle-history">Turn 20</h2><div class="spacer battle-history"><br></div><div class="battle-history">HODEN, come back!<br></div><div class="battle-history">Go! Faust Brudi (<strong>Nidoking</strong>)!<br></div><div class="spacer battle-history"><br></div><div class="battle-history">The opposing autumn dies used <strong>Thunder</strong>!<br></div><div class="battle-history"><small>It doesn't affect Faust Brudi...</small><br></div><div class="spacer battle-history"><br></div><div class="battle-history"><small>Faust Brudi restored a little HP using its Leftovers!</small><br></div><div class="spacer battle-history"><br></div><h2 class="battle-history">Turn 21</h2><div class="spacer battle-history"><br></div><div class="battle-history">The opposing autumn dies used <strong>Hidden Power</strong>!<br></div><div class="battle-history"><small>It's super effective!</small><br></div><div class="battle-history"><small>(Faust Brudi lost <abbr title="−149/365">40.8%</abbr> of its health!)</small><br></div><div class="spacer battle-history"><br></div><div class="battle-history">Faust Brudi used <strong>Earthquake</strong>!<br></div><div class="battle-history"><small>It's super effective!</small><br></div><div class="battle-history"><small>(The opposing autumn dies lost <abbr title="−260/383">67.9%</abbr> of its health!)</small><br></div><div class="spacer battle-history"><br></div><div class="battle-history"><small>The opposing autumn dies restored a little HP using its Leftovers!</small><br></div><div class="battle-history"><small>Faust Brudi restored a little HP using its Leftovers!</small><br></div><div class="spacer battle-history"><br></div><h2 class="battle-history">Turn 22</h2><div class="spacer battle-history"><br></div><div class="battle-history">Faust Brudi, come back!<br></div><div class="battle-history">Go! HODEN (<strong>Snorlax</strong>)!<br></div><div class="spacer battle-history"><br></div><div class="battle-history">The opposing autumn dies used <strong>Thunder</strong>!<br></div><div class="battle-history"><small>(HODEN lost <abbr title="−147/523">28.1%</abbr> of its health!)</small><br></div><div class="spacer battle-history"><br></div><div class="battle-history"><small>The opposing autumn dies restored a little HP using its Leftovers!</small><br></div><div class="battle-history"><small>HODEN restored a little HP using its Leftovers!</small><br></div><div class="spacer battle-history"><br></div><h2 class="battle-history">Turn 23</h2><div class="spacer battle-history"><br></div><div class="battle-history">BKC withdrew autumn dies!<br></div><div class="battle-history">BKC sent out who's your friend (<strong>Forretress</strong>)!<br></div><div class="battle-history"><small>The opposing who's your friend was hurt by the spikes!</small><br></div><div class="spacer battle-history"><br></div><div class="battle-history">HODEN used <strong>Double-Edge</strong>!<br></div><div class="battle-history"><small>It's not very effective...</small><br></div><div class="battle-history"><small>(The opposing who's your friend lost <abbr title="−58/353">16.4%</abbr> of its health!)</small><br></div><div class="battle-history"><small>HODEN was damaged by the recoil!</small><br></div><div class="spacer battle-history"><br></div><div class="battle-history"><small>The opposing who's your friend restored a little HP using its Leftovers!</small><br></div><div class="battle-history"><small>HODEN restored a little HP using its Leftovers!</small><br></div><div class="spacer battle-history"><br></div><h2 class="battle-history">Turn 24</h2><div class="spacer battle-history"><br></div><div class="battle-history">BKC withdrew who's your friend!<br></div><div class="battle-history">BKC sent out live again (<strong>Tyranitar</strong>)!<br></div><div class="battle-history"><small>The opposing live again was hurt by the spikes!</small><br></div><div class="spacer battle-history"><br></div><div class="battle-history">HODEN used <strong>Lovely Kiss</strong>!<br></div><div class="battle-history"><small>The opposing live again fell asleep!</small><br></div><div class="spacer battle-history"><br></div><div class="battle-history"><small>The opposing live again restored a little HP using its Leftovers!</small><br></div><div class="battle-history"><small>HODEN restored a little HP using its Leftovers!</small><br></div><div class="spacer battle-history"><br></div><h2 class="battle-history">Turn 25</h2><div class="spacer battle-history"><br></div><div class="battle-history">BKC withdrew live again!<br></div><div class="battle-history">BKC sent out who's your friend (<strong>Forretress</strong>)!<br></div><div class="battle-history"><small>The opposing who's your friend was hurt by the spikes!</small><br></div><div class="spacer battle-history"><br></div><div class="battle-history">HODEN, come back!<br></div><div class="battle-history">Go! Faust Brudi (<strong>Nidoking</strong>)!<br></div><div class="spacer battle-history"><br></div><div class="battle-history"><small>Faust Brudi restored a little HP using its Leftovers!</small><br></div><div class="battle-history"><small>The opposing who's your friend restored a little HP using its Leftovers!</small><br></div><div class="spacer battle-history"><br></div><h2 class="battle-history">Turn 26</h2><div class="spacer battle-history"><br></div><div class="battle-history">The opposing who's your friend used <strong>Protect</strong>!<br></div><div class="battle-history"><small>The opposing who's your friend protected itself!</small><br></div><div class="spacer battle-history"><br></div><div class="battle-history">Faust Brudi used <strong>Thunder</strong>!<br></div><div class="battle-history"><small>The opposing who's your friend protected itself!</small><br></div><div class="spacer battle-history"><br></div><div class="battle-history"><small>Faust Brudi restored a little HP using its Leftovers!</small><br></div><div class="battle-history"><small>The opposing who's your friend restored a little HP using its Leftovers!</small><br></div><div class="spacer battle-history"><br></div><h2 class="battle-history">Turn 27</h2><div class="spacer battle-history"><br></div><div class="battle-history">Faust Brudi used <strong>Thunder</strong>!<br></div><div class="battle-history"><small>(The opposing who's your friend lost <abbr title="−110/353">31.2%</abbr> of its health!)</small><br></div><div class="spacer battle-history"><br></div><div class="battle-history">The opposing who's your friend used <strong>Rapid Spin</strong>!<br></div><div class="battle-history"><small>(Faust Brudi lost <abbr title="−17/365">4.7%</abbr> of its health!)</small><br></div><div class="battle-history"><small>The spikes disappeared from the ground around the opposing team!</small><br></div><div class="spacer battle-history"><br></div><div class="battle-history"><small>Faust Brudi restored a little HP using its Leftovers!</small><br></div><div class="battle-history"><small>The opposing who's your friend restored a little HP using its Leftovers!</small><br></div><div class="spacer battle-history"><br></div><h2 class="battle-history">Turn 28</h2><div class="spacer battle-history"><br></div><div class="battle-history">Faust Brudi used <strong>Thunder</strong>!<br></div><div class="battle-history"><small>(The opposing who's your friend lost <abbr title="−123/353">34.8%</abbr> of its health!)</small><br></div><div class="battle-history"><small>The opposing who's your friend is paralyzed! It may be unable to move!</small><br></div><div class="spacer battle-history"><br></div><div class="battle-history">The opposing who's your friend used <strong>Spikes</strong>!<br></div><div class="battle-history"><small>Spikes were scattered on the ground all around your team!</small><br></div><div class="spacer battle-history"><br></div><div class="battle-history"><small>Faust Brudi restored a little HP using its Leftovers!</small><br></div><div class="battle-history"><small>The opposing who's your friend restored a little HP using its Leftovers!</small><br></div><div class="spacer battle-history"><br></div><h2 class="battle-history">Turn 29</h2><div class="spacer battle-history"><br></div><div class="battle-history">Faust Brudi, come back!<br></div><div class="battle-history">Go! Böser Arsch (<strong>Forretress</strong>)!<br></div><div class="battle-history"><small>Böser Arsch was hurt by the spikes!</small><br></div><div class="spacer battle-history"><br></div><div class="battle-history">BKC withdrew who's your friend!<br></div><div class="battle-history">BKC sent out Frankie why (<strong>Suicune</strong>)!<br></div><div class="spacer battle-history"><br></div><div class="battle-history"><small>The opposing Frankie why restored a little HP using its Leftovers!</small><br></div><div class="battle-history"><small>Böser Arsch restored a little HP using its Leftovers!</small><br></div><div class="spacer battle-history"><br></div><h2 class="battle-history">Turn 30</h2><div class="spacer battle-history"><br></div><div class="battle-history">The opposing Frankie why used <strong>Surf</strong>!<br></div><div class="battle-history"><small>(Böser Arsch lost <abbr title="−150/353">42.5%</abbr> of its health!)</small><br></div><div class="spacer battle-history"><br></div><div class="battle-history">Böser Arsch used <strong>Spikes</strong>!<br></div><div class="battle-history"><small>Spikes were scattered on the ground all around the opposing team!</small><br></div><div class="spacer battle-history"><br></div><div class="battle-history"><small>The opposing Frankie why restored a little HP using its Leftovers!</small><br></div><div class="battle-history"><small>Böser Arsch restored a little HP using its Leftovers!</small><br></div><div class="spacer battle-history"><br></div><h2 class="battle-history">Turn 31</h2><div class="spacer battle-history"><br></div><div class="battle-history">Böser Arsch, come back!<br></div><div class="battle-history">Go! Johann (<strong>Umbreon</strong>)!<br></div><div class="battle-history"><small>Johann was hurt by the spikes!</small><br></div><div class="spacer battle-history"><br></div><div class="battle-history">The opposing Frankie why used <strong>Surf</strong>!<br></div><div class="battle-history"><small>(Johann lost <abbr title="−88/393">22.4%</abbr> of its health!)</small><br></div><div class="spacer battle-history"><br></div><div class="battle-history"><small>The opposing Frankie why restored a little HP using its Leftovers!</small><br></div><div class="battle-history"><small>Johann restored a little HP using its Leftovers!</small><br></div><div class="spacer battle-history"><br></div><h2 class="battle-history">Turn 32</h2><div class="spacer battle-history"><br></div><div class="battle-history"><small>(The opposing Frankie why is being withdrawn...)</small><br></div><div class="spacer battle-history"><br></div><div class="battle-history">Johann used <strong>Pursuit</strong>!<br></div><div class="battle-history"><small>(The opposing Frankie why lost <abbr title="−69/403">17.1%</abbr> of its health!)</small><br></div><div class="spacer battle-history"><br></div><div class="battle-history">BKC withdrew Frankie why!<br></div><div class="battle-history">BKC sent out who's your friend (<strong>Forretress</strong>)!<br></div><div class="battle-history"><small>The opposing who's your friend was hurt by the spikes!</small><br></div><div class="spacer battle-history"><br></div><div class="battle-history"><small>Johann restored a little HP using its Leftovers!</small><br></div><div class="battle-history"><small>The opposing who's your friend restored a little HP using its Leftovers!</small><br></div><div class="spacer battle-history"><br></div><h2 class="battle-history">Turn 33</h2><div class="spacer battle-history"><br></div><div class="battle-history">Johann, come back!<br></div><div class="battle-history">Go! Faust Brudi (<strong>Nidoking</strong>)!<br></div><div class="battle-history"><small>Faust Brudi was hurt by the spikes!</small><br></div><div class="spacer battle-history"><br></div><div class="battle-history">The opposing who's your friend used <strong>Rapid Spin</strong>!<br></div><div class="battle-history"><small>(Faust Brudi lost <abbr title="−18/365">4.9%</abbr> of its health!)</small><br></div><div class="battle-history"><small>The spikes disappeared from the ground around the opposing team!</small><br></div><div class="spacer battle-history"><br></div><div class="battle-history"><small>Faust Brudi restored a little HP using its Leftovers!</small><br></div><div class="battle-history"><small>The opposing who's your friend restored a little HP using its Leftovers!</small><br></div><div class="spacer battle-history"><br></div><h2 class="battle-history">Turn 34</h2><div class="spacer battle-history"><br></div><div class="battle-history">BKC withdrew who's your friend!<br></div><div class="battle-history">BKC sent out autumn dies (<strong>Raikou</strong>)!<br></div><div class="spacer battle-history"><br></div><div class="battle-history">Faust Brudi used <strong>Thunder</strong>!<br></div><div class="battle-history"><small>It's not very effective...</small><br></div><div class="battle-history"><small>(The opposing autumn dies lost <abbr title="−41/383">10.7%</abbr> of its health!)</small><br></div><div class="spacer battle-history"><br></div><div class="battle-history"><small>The opposing autumn dies restored a little HP using its Leftovers!</small><br></div><div class="battle-history"><small>Faust Brudi restored a little HP using its Leftovers!</small><br></div><div class="spacer battle-history"><br></div><h2 class="battle-history">Turn 35</h2><div class="spacer battle-history"><br></div><div class="battle-history">The opposing autumn dies used <strong>Hidden Power</strong>!<br></div><div class="battle-history"><small>It's super effective!</small><br></div><div class="battle-history"><small>(Faust Brudi lost <abbr title="−146/365">40%</abbr> of its health!)</small><br></div><div class="spacer battle-history"><br></div><div class="battle-history">Faust Brudi used <strong>Thunder</strong>!<br></div><div class="battle-history"><small>The opposing autumn dies avoided the attack!</small><br></div><div class="spacer battle-history"><br></div><div class="battle-history"><small>The opposing autumn dies restored a little HP using its Leftovers!</small><br></div><div class="battle-history"><small>Faust Brudi restored a little HP using its Leftovers!</small><br></div><div class="spacer battle-history"><br></div><h2 class="battle-history">Turn 36</h2><div class="spacer battle-history"><br></div><div class="battle-history">Faust Brudi, come back!<br></div><div class="battle-history">Go! Johann (<strong>Umbreon</strong>)!<br></div><div class="battle-history"><small>Johann was hurt by the spikes!</small><br></div><div class="spacer battle-history"><br></div><div class="battle-history">The opposing autumn dies used <strong>Roar</strong>!<br></div><div class="spacer battle-history"><br></div><div class="battle-history">Faust Brudi (<strong>Nidoking</strong>) was dragged out!<br></div><div class="battle-history"><small>Faust Brudi was hurt by the spikes!</small><br></div><div class="spacer battle-history"><br></div><div class="battle-history"><small>The opposing autumn dies restored a little HP using its Leftovers!</small><br></div><div class="battle-history"><small>Faust Brudi restored a little HP using its Leftovers!</small><br></div><div class="spacer battle-history"><br></div><h2 class="battle-history">Turn 37</h2><div class="spacer battle-history"><br></div><div class="battle-history">The opposing autumn dies used <strong>Hidden Power</strong>!<br></div><div class="battle-history"><small>It's super effective!</small><br></div><div class="battle-history"><small>(Faust Brudi lost <abbr title="−40/365">11.0%</abbr> of its health!)</small><br></div><div class="spacer battle-history"><br></div><div class="battle-history">Faust Brudi fainted!<br></div><div class="spacer battle-history"><br></div><div class="battle-history">Go! HODEN (<strong>Snorlax</strong>)!<br></div><div class="battle-history"><small>HODEN was hurt by the spikes!</small><br></div><div class="spacer battle-history"><br></div><div class="battle-history"><small>The opposing autumn dies restored a little HP using its Leftovers!</small><br></div><div class="battle-history"><small>HODEN restored a little HP using its Leftovers!</small><br></div><div class="spacer battle-history"><br></div><h2 class="battle-history">Turn 38</h2><div class="spacer battle-history"><br></div><div class="battle-history">BKC withdrew autumn dies!<br></div><div class="battle-history">BKC sent out Frankie why (<strong>Suicune</strong>)!<br></div><div class="spacer battle-history"><br></div><div class="battle-history">HODEN used <strong>Curse</strong>!<br></div><div class="battle-history"><small>HODEN's Speed fell!</small><br></div><div class="battle-history"><small>HODEN's Attack rose!</small><br></div><div class="battle-history"><small>HODEN's Defense rose!</small><br></div><div class="spacer battle-history"><br></div><div class="battle-history"><small>The opposing Frankie why restored a little HP using its Leftovers!</small><br></div><div class="battle-history"><small>HODEN restored a little HP using its Leftovers!</small><br></div><div class="spacer battle-history"><br></div><h2 class="battle-history">Turn 39</h2><div class="spacer battle-history"><br></div><div class="battle-history">The opposing Frankie why used <strong>Toxic</strong>!<br></div><div class="battle-history"><small>HODEN was badly poisoned!</small><br></div><div class="spacer battle-history"><br></div><div class="battle-history">HODEN used <strong>Double-Edge</strong>!<br></div><div class="battle-history"><small>(The opposing Frankie why lost <abbr title="−204/403">50.6%</abbr> of its health!)</small><br></div><div class="battle-history"><small>HODEN was damaged by the recoil!</small><br></div><div class="battle-history"><small>HODEN was hurt by poison!</small><br></div><div class="spacer battle-history"><br></div><div class="battle-history"><small>The opposing Frankie why restored a little HP using its Leftovers!</small><br></div><div class="battle-history"><small>HODEN restored a little HP using its Leftovers!</small><br></div><div class="spacer battle-history"><br></div><h2 class="battle-history">Turn 40</h2><div class="spacer battle-history"><br></div><div class="battle-history">The opposing Frankie why used <strong>Rest</strong>!<br></div><div class="battle-history"><small>The opposing Frankie why fell asleep!</small><br></div><div class="battle-history"><small>The opposing Frankie why slept and became healthy!</small><br></div><div class="spacer battle-history"><br></div><div class="battle-history">HODEN used <strong>Rest</strong>!<br></div><div class="battle-history"><small>HODEN fell asleep!</small><br></div><div class="battle-history"><small>HODEN slept and became healthy!</small><br></div><div class="spacer battle-history"><br></div><h2 class="battle-history">Turn 41</h2><div class="chat chatmessage-beds"><strong style="color:#5360ed"><small>☆</small><span class="username" data-name="Beds">Beds</span>:</strong> <em>you know what's crazy</em></div><div class="chat chatmessage-beds"><strong style="color:#5360ed"><small>☆</small><span class="username" data-name="Beds">Beds</span>:</strong> <em>after every game I lose to stall I promise to be prepared for it next time</em></div><div class="chat chatmessage-beds"><strong style="color:#5360ed"><small>☆</small><span class="username" data-name="Beds">Beds</span>:</strong> <em>and then I watch replays and I'm like</em></div><div class="chat chatmessage-beds"><strong style="color:#5360ed"><small>☆</small><span class="username" data-name="Beds">Beds</span>:</strong> <em>nah</em></div><div class="chat chatmessage-beds"><strong style="color:#5360ed"><small>☆</small><span class="username" data-name="Beds">Beds</span>:</strong> <em>there's this dumb quote about someone who makes the same mistake over and over again</em></div><div class="chat chatmessage-beds"><strong style="color:#5360ed"><small>☆</small><span class="username" data-name="Beds">Beds</span>:</strong> <em>etc.</em></div><div class="spacer battle-history"><br></div><div class="battle-history">BKC withdrew Frankie why!<br></div><div class="battle-history">BKC sent out autumn dies (<strong>Raikou</strong>)!<br></div><div class="spacer battle-history"><br></div><div class="battle-history">HODEN is fast asleep.<br></div><div class="spacer battle-history"><br></div><div class="battle-history"><small>The opposing autumn dies restored a little HP using its Leftovers!</small><br></div><div class="spacer battle-history"><br></div><h2 class="battle-history">Turn 42</h2><div class="chat chatmessage-bkc"><strong style="color:#7f7f2f"><small>☆</small><span class="username" data-name="BKC">BKC</span>:</strong> <em>frankie m...</em></div><div class="spacer battle-history"><br></div><div class="battle-history">HODEN is fast asleep.<br></div><div class="spacer battle-history"><br></div><div class="battle-history">The opposing autumn dies used <strong>Roar</strong>!<br></div><div class="spacer battle-history"><br></div><div class="battle-history">DDR (<strong>Skarmory</strong>) was dragged out!<br></div><div class="spacer battle-history"><br></div><div class="battle-history"><small>The opposing autumn dies restored a little HP using its Leftovers!</small><br></div><div class="spacer battle-history"><br></div><h2 class="battle-history">Turn 43</h2><div class="spacer battle-history"><br></div><div class="battle-history">DDR used <strong>Drill Peck</strong>!<br></div><div class="battle-history"><small>It's not very effective...</small><br></div><div class="battle-history"><small>(The opposing autumn dies lost <abbr title="−51/383">13.3%</abbr> of its health!)</small><br></div><div class="spacer battle-history"><br></div><div class="battle-history">The opposing autumn dies used <strong>Roar</strong>!<br></div><div class="spacer battle-history"><br></div><div class="battle-history">Böser Arsch (<strong>Forretress</strong>) was dragged out!<br></div><div class="battle-history"><small>Böser Arsch was hurt by the spikes!</small><br></div><div class="spacer battle-history"><br></div><div class="battle-history"><small>The opposing autumn dies restored a little HP using its Leftovers!</small><br></div><div class="battle-history"><small>Böser Arsch restored a little HP using its Leftovers!</small><br></div><div class="spacer battle-history"><br></div><h2 class="battle-history">Turn 44</h2><div class="spacer battle-history"><br></div><div class="battle-history">The opposing autumn dies used <strong>Thunder</strong>!<br></div><div class="battle-history"><small>Böser Arsch avoided the attack!</small><br></div><div class="spacer battle-history"><br></div><div class="battle-history">Böser Arsch used <strong>Rapid Spin</strong>!<br></div><div class="battle-history"><small>(The opposing autumn dies lost <abbr title="−19/383">5.0%</abbr> of its health!)</small><br></div><div class="battle-history"><small>The spikes disappeared from the ground around your team!</small><br></div><div class="spacer battle-history"><br></div><div class="battle-history"><small>The opposing autumn dies restored a little HP using its Leftovers!</small><br></div><div class="battle-history"><small>Böser Arsch restored a little HP using its Leftovers!</small><br></div><div class="spacer battle-history"><br></div><h2 class="battle-history">Turn 45</h2><div class="spacer battle-history"><br></div><div class="battle-history">Böser Arsch, come back!<br></div><div class="battle-history">Go! HODEN (<strong>Snorlax</strong>)!<br></div><div class="spacer battle-history"><br></div><div class="battle-history">The opposing autumn dies used <strong>Thunder</strong>!<br></div><div class="battle-history"><small>HODEN avoided the attack!</small><br></div><div class="spacer battle-history"><br></div><div class="battle-history"><small>The opposing autumn dies restored a little HP using its Leftovers!</small><br></div><div class="spacer battle-history"><br></div><h2 class="battle-history">Turn 46</h2><div class="spacer battle-history"><br></div><div class="battle-history"><small>HODEN woke up!</small><br></div><div class="spacer battle-history"><br></div><div class="battle-history">HODEN used <strong>Curse</strong>!<br></div><div class="battle-history"><small>HODEN's Speed fell!</small><br></div><div class="battle-history"><small>HODEN's Attack rose!</small><br></div><div class="battle-history"><small>HODEN's Defense rose!</small><br></div><div class="spacer battle-history"><br></div><div class="battle-history">The opposing autumn dies used <strong>Roar</strong>!<br></div><div class="spacer battle-history"><br></div><div class="battle-history">Böser Arsch (<strong>Forretress</strong>) was dragged out!<br></div><div class="spacer battle-history"><br></div><div class="battle-history"><small>The opposing autumn dies restored a little HP using its Leftovers!</small><br></div><div class="battle-history"><small>Böser Arsch restored a little HP using its Leftovers!</small><br></div><div class="spacer battle-history"><br></div><h2 class="battle-history">Turn 47</h2><div class="spacer battle-history"><br></div><div class="battle-history">The opposing autumn dies used <strong>Thunder</strong>!<br></div><div class="battle-history"><small>(Böser Arsch lost <abbr title="−205/353">58.1%</abbr> of its health!)</small><br></div><div class="spacer battle-history"><br></div><div class="battle-history">Böser Arsch fainted!<br></div><div class="spacer battle-history"><br></div><div class="battle-history">Go! Johann (<strong>Umbreon</strong>)!<br></div><div class="spacer battle-history"><br></div><div class="battle-history"><small>The opposing autumn dies restored a little HP using its Leftovers!</small><br></div><div class="battle-history"><small>Johann restored a little HP using its Leftovers!</small><br></div><div class="spacer battle-history"><br></div><h2 class="battle-history">Turn 48</h2><div class="spacer battle-history"><br></div><div class="battle-history"><small>(The opposing autumn dies is being withdrawn...)</small><br></div><div class="spacer battle-history"><br></div><div class="battle-history">Johann used <strong>Pursuit</strong>!<br></div><div class="battle-history"><small>A critical hit!</small><br></div><div class="battle-history"><small>(The opposing autumn dies lost <abbr title="−127/383">33.2%</abbr> of its health!)</small><br></div><div class="spacer battle-history"><br></div><div class="battle-history">BKC withdrew autumn dies!<br></div><div class="battle-history">BKC sent out who's your friend (<strong>Forretress</strong>)!<br></div><div class="spacer battle-history"><br></div><div class="battle-history"><small>Johann restored a little HP using its Leftovers!</small><br></div><div class="battle-history"><small>The opposing who's your friend restored a little HP using its Leftovers!</small><br></div><div class="spacer battle-history"><br></div><h2 class="battle-history">Turn 49</h2><div class="spacer battle-history"><br></div><div class="battle-history">Johann, come back!<br></div><div class="battle-history">Go! HODEN (<strong>Snorlax</strong>)!<br></div><div class="spacer battle-history"><br></div><div class="battle-history">The opposing who's your friend is paralyzed! It can't move!<br></div><div class="spacer battle-history"><br></div><div class="battle-history"><small>The opposing who's your friend restored a little HP using its Leftovers!</small><br></div><div class="spacer battle-history"><br></div><h2 class="battle-history">Turn 50</h2><div class="spacer battle-history"><br></div><div class="battle-history">HODEN used <strong>Curse</strong>!<br></div><div class="battle-history"><small>HODEN's Speed fell!</small><br></div><div class="battle-history"><small>HODEN's Attack rose!</small><br></div><div class="battle-history"><small>HODEN's Defense rose!</small><br></div><div class="spacer battle-history"><br></div><div class="battle-history">The opposing who's your friend is paralyzed! It can't move!<br></div><div class="spacer battle-history"><br></div><div class="battle-history"><small>The opposing who's your friend restored a little HP using its Leftovers!</small><br></div><div class="spacer battle-history"><br></div><h2 class="battle-history">Turn 51</h2><div class="spacer battle-history"><br></div><div class="battle-history">HODEN used <strong>Curse</strong>!<br></div><div class="battle-history"><small>HODEN's Speed fell!</small><br></div><div class="battle-history"><small>HODEN's Attack rose!</small><br></div><div class="battle-history"><small>HODEN's Defense rose!</small><br></div><div class="spacer battle-history"><br></div><div class="battle-history">The opposing who's your friend used <strong>Toxic</strong>!<br></div><div class="battle-history"><small>HODEN was badly poisoned!</small><br></div><div class="spacer battle-history"><br></div><div class="battle-history"><small>The opposing who's your friend restored a little HP using its Leftovers!</small><br></div><div class="spacer battle-history"><br></div><h2 class="battle-history">Turn 52</h2><div class="spacer battle-history"><br></div><div class="battle-history">HODEN used <strong>Double-Edge</strong>!<br></div><div class="battle-history"><small>It's not very effective...</small><br></div><div class="battle-history"><small>(The opposing who's your friend lost <abbr title="−110/353">31.2%</abbr> of its health!)</small><br></div><div class="battle-history"><small>HODEN was damaged by the recoil!</small><br></div><div class="battle-history"><small>HODEN was hurt by poison!</small><br></div><div class="spacer battle-history"><br></div><div class="battle-history">The opposing who's your friend used <strong>Spikes</strong>!<br></div><div class="battle-history"><small>Spikes were scattered on the ground all around your team!</small><br></div><div class="spacer battle-history"><br></div><div class="battle-history"><small>HODEN restored a little HP using its Leftovers!</small><br></div><div class="battle-history"><small>The opposing who's your friend restored a little HP using its Leftovers!</small><br></div><div class="spacer battle-history"><br></div><h2 class="battle-history">Turn 53</h2><div class="spacer battle-history"><br></div><div class="battle-history">BKC withdrew who's your friend!<br></div><div class="battle-history">BKC sent out live again (<strong>Tyranitar</strong>)!<br></div><div class="spacer battle-history"><br></div><div class="battle-history">HODEN used <strong>Double-Edge</strong>!<br></div><div class="battle-history"><small>It's not very effective...</small><br></div><div class="battle-history"><small>(The opposing live again lost <abbr title="−145/403">36.0%</abbr> of its health!)</small><br></div><div class="battle-history"><small>HODEN was damaged by the recoil!</small><br></div><div class="battle-history"><small>HODEN was hurt by poison!</small><br></div><div class="spacer battle-history"><br></div><div class="battle-history"><small>The opposing live again restored a little HP using its Leftovers!</small><br></div><div class="battle-history"><small>HODEN restored a little HP using its Leftovers!</small><br></div><div class="spacer battle-history"><br></div><h2 class="battle-history">Turn 54</h2><div class="spacer battle-history"><br></div><div class="battle-history">The opposing live again is fast asleep.<br></div><div class="spacer battle-history"><br></div><div class="battle-history">HODEN used <strong>Double-Edge</strong>!<br></div><div class="battle-history"><small>It's not very effective...</small><br></div><div class="battle-history"><small>(The opposing live again lost <abbr title="−135/403">33.5%</abbr> of its health!)</small><br></div><div class="battle-history"><small>HODEN was damaged by the recoil!</small><br></div><div class="battle-history"><small>HODEN was hurt by poison!</small><br></div><div class="spacer battle-history"><br></div><div class="battle-history"><small>The opposing live again restored a little HP using its Leftovers!</small><br></div><div class="battle-history"><small>HODEN restored a little HP using its Leftovers!</small><br></div><div class="spacer battle-history"><br></div><h2 class="battle-history">Turn 55</h2><div class="spacer battle-history"><br></div><div class="battle-history">The opposing live again is fast asleep.<br></div><div class="spacer battle-history"><br></div><div class="battle-history">HODEN used <strong>Double-Edge</strong>!<br></div><div class="battle-history"><small>It's not very effective...</small><br></div><div class="battle-history"><small>(The opposing live again lost <abbr title="−135/403">33.5%</abbr> of its health!)</small><br></div><div class="battle-history"><small>HODEN was damaged by the recoil!</small><br></div><div class="battle-history"><small>HODEN was hurt by poison!</small><br></div><div class="spacer battle-history"><br></div><div class="battle-history"><small>The opposing live again restored a little HP using its Leftovers!</small><br></div><div class="battle-history"><small>HODEN restored a little HP using its Leftovers!</small><br></div><div class="spacer battle-history"><br></div><h2 class="battle-history">Turn 56</h2><div class="spacer battle-history"><br></div><div class="battle-history">The opposing live again is fast asleep.<br></div><div class="spacer battle-history"><br></div><div class="battle-history">HODEN used <strong>Rest</strong>!<br></div><div class="battle-history"><small>HODEN fell asleep!</small><br></div><div class="battle-history"><small>HODEN slept and became healthy!</small><br></div><div class="spacer battle-history"><br></div><div class="battle-history"><small>The opposing live again restored a little HP using its Leftovers!</small><br></div><div class="spacer battle-history"><br></div><h2 class="battle-history">Turn 57</h2><div class="spacer battle-history"><br></div><div class="battle-history">BKC withdrew live again!<br></div><div class="battle-history">BKC sent out butterfly (<strong>Skarmory</strong>)!<br></div><div class="spacer battle-history"><br></div><div class="battle-history">HODEN is fast asleep.<br></div><div class="spacer battle-history"><br></div><h2 class="battle-history">Turn 58</h2><div class="spacer battle-history"><br></div><div class="battle-history">HODEN is fast asleep.<br></div><div class="spacer battle-history"><br></div><div class="battle-history">The opposing butterfly used <strong>Whirlwind</strong>!<br></div><div class="spacer battle-history"><br></div><div class="battle-history">Johann (<strong>Umbreon</strong>) was dragged out!<br></div><div class="battle-history"><small>Johann was hurt by the spikes!</small><br></div><div class="spacer battle-history"><br></div><div class="battle-history"><small>Johann restored a little HP using its Leftovers!</small><br></div><div class="spacer battle-history"><br></div><h2 class="battle-history">Turn 59</h2><div class="spacer battle-history"><br></div><div class="battle-history">Johann used <strong>Pursuit</strong>!<br></div><div class="battle-history"><small>It's not very effective...</small><br></div><div class="battle-history"><small>(The opposing butterfly lost <abbr title="−20/333">6.0%</abbr> of its health!)</small><br></div><div class="spacer battle-history"><br></div><div class="battle-history">The opposing butterfly used <strong>Whirlwind</strong>!<br></div><div class="spacer battle-history"><br></div><div class="battle-history">HODEN (<strong>Snorlax</strong>) was dragged out!<br></div><div class="battle-history"><small>HODEN was hurt by the spikes!</small><br></div><div class="spacer battle-history"><br></div><div class="battle-history"><small>HODEN restored a little HP using its Leftovers!</small><br></div><div class="spacer battle-history"><br></div><h2 class="battle-history">Turn 60</h2><div class="spacer battle-history"><br></div><div class="battle-history">The opposing butterfly used <strong>Curse</strong>!<br></div><div class="battle-history"><small>The opposing butterfly's Speed fell!</small><br></div><div class="battle-history"><small>The opposing butterfly's Attack rose!</small><br></div><div class="battle-history"><small>The opposing butterfly's Defense rose!</small><br></div><div class="battle-history"><small>HODEN woke up!</small><br></div><div class="spacer battle-history"><br></div><div class="battle-history">HODEN used <strong>Double-Edge</strong>!<br></div><div class="battle-history"><small>It's not very effective...</small><br></div><div class="battle-history"><small>(The opposing butterfly lost <abbr title="−39/333">11.7%</abbr> of its health!)</small><br></div><div class="battle-history"><small>HODEN was damaged by the recoil!</small><br></div><div class="spacer battle-history"><br></div><div class="battle-history"><small>HODEN restored a little HP using its Leftovers!</small><br></div><div class="spacer battle-history"><br></div><h2 class="battle-history">Turn 61</h2><div class="spacer battle-history"><br></div><div class="battle-history">HODEN, come back!<br></div><div class="battle-history">Go! DDR (<strong>Skarmory</strong>)!<br></div><div class="spacer battle-history"><br></div><div class="battle-history">The opposing butterfly used <strong>Drill Peck</strong>!<br></div><div class="battle-history"><small>It's not very effective...</small><br></div><div class="battle-history"><small>(DDR lost <abbr title="−50/333">15.0%</abbr> of its health!)</small><br></div><div class="spacer battle-history"><br></div><div class="battle-history"><small>DDR restored a little HP using its Leftovers!</small><br></div><div class="spacer battle-history"><br></div><h2 class="battle-history">Turn 62</h2><div class="spacer battle-history"><br></div><div class="battle-history">DDR used <strong>Drill Peck</strong>!<br></div><div class="battle-history"><small>A critical hit!</small><br></div><div class="battle-history"><small>It's not very effective...</small><br></div><div class="battle-history"><small>(The opposing butterfly lost <abbr title="−67/333">20.1%</abbr> of its health!)</small><br></div><div class="spacer battle-history"><br></div><div class="battle-history">The opposing butterfly used <strong>Whirlwind</strong>!<br></div><div class="spacer battle-history"><br></div><div class="battle-history">HODEN (<strong>Snorlax</strong>) was dragged out!<br></div><div class="battle-history"><small>HODEN was hurt by the spikes!</small><br></div><div class="spacer battle-history"><br></div><div class="battle-history"><small>HODEN restored a little HP using its Leftovers!</small><br></div><div class="spacer battle-history"><br></div><h2 class="battle-history">Turn 63</h2><div class="spacer battle-history"><br></div><div class="battle-history">HODEN used <strong>Double-Edge</strong>!<br></div><div class="battle-history"><small>It's not very effective...</small><br></div><div class="battle-history"><small>(The opposing butterfly lost <abbr title="−37/333">11.1%</abbr> of its health!)</small><br></div><div class="battle-history"><small>HODEN was damaged by the recoil!</small><br></div><div class="spacer battle-history"><br></div><div class="battle-history">The opposing butterfly used <strong>Whirlwind</strong>!<br></div><div class="spacer battle-history"><br></div><div class="battle-history">DDR (<strong>Skarmory</strong>) was dragged out!<br></div><div class="spacer battle-history"><br></div><div class="battle-history"><small>DDR restored a little HP using its Leftovers!</small><br></div><div class="spacer battle-history"><br></div><h2 class="battle-history">Turn 64</h2><div class="spacer battle-history"><br></div><div class="battle-history">The opposing butterfly used <strong>Rest</strong>!<br></div><div class="battle-history"><small>The opposing butterfly fell asleep!</small><br></div><div class="battle-history"><small>The opposing butterfly slept and became healthy!</small><br></div><div class="spacer battle-history"><br></div><div class="battle-history">DDR used <strong>Whirlwind</strong>!<br></div><div class="spacer battle-history"><br></div><div class="battle-history">Frankie why (<strong>Suicune</strong>) was dragged out!<br></div><div class="spacer battle-history"><br></div><div class="battle-history"><small>DDR restored a little HP using its Leftovers!</small><br></div><div class="spacer battle-history"><br></div><h2 class="battle-history">Turn 65</h2><div class="spacer battle-history"><br></div><div class="battle-history">BKC withdrew Frankie why!<br></div><div class="battle-history">BKC sent out butterfly (<strong>Skarmory</strong>)!<br></div><div class="spacer battle-history"><br></div><div class="battle-history">DDR, come back!<br></div><div class="battle-history">Go! HODEN (<strong>Snorlax</strong>)!<br></div><div class="battle-history"><small>HODEN was hurt by the spikes!</small><br></div><div class="spacer battle-history"><br></div><div class="battle-history"><small>HODEN restored a little HP using its Leftovers!</small><br></div><div class="spacer battle-history"><br></div><h2 class="battle-history">Turn 66</h2><div class="spacer battle-history"><br></div><div class="battle-history">HODEN, come back!<br></div><div class="battle-history">Go! DDR (<strong>Skarmory</strong>)!<br></div><div class="spacer battle-history"><br></div><div class="battle-history">The opposing butterfly is fast asleep.<br></div><div class="spacer battle-history"><br></div><h2 class="battle-history">Turn 67</h2><div class="spacer battle-history"><br></div><div class="battle-history">DDR used <strong>Drill Peck</strong>!<br></div><div class="battle-history"><small>It's not very effective...</small><br></div><div class="battle-history"><small>(The opposing butterfly lost <abbr title="−34/333">10.2%</abbr> of its health!)</small><br></div><div class="spacer battle-history"><br></div><div class="battle-history">The opposing butterfly is fast asleep.<br></div><div class="spacer battle-history"><br></div><h2 class="battle-history">Turn 68</h2><div class="spacer battle-history"><br></div><div class="battle-history">BKC withdrew butterfly!<br></div><div class="battle-history">BKC sent out autumn dies (<strong>Raikou</strong>)!<br></div><div class="spacer battle-history"><br></div><div class="battle-history">DDR used <strong>Drill Peck</strong>!<br></div><div class="battle-history"><small>It's not very effective...</small><br></div><div class="battle-history"><small>(The opposing autumn dies lost <abbr title="−46/383">12.0%</abbr> of its health!)</small><br></div><div class="spacer battle-history"><br></div><div class="battle-history"><small>The opposing autumn dies restored a little HP using its Leftovers!</small><br></div><div class="spacer battle-history"><br></div><h2 class="battle-history">Turn 69</h2><div class="spacer battle-history"><br></div><div class="battle-history">DDR, come back!<br></div><div class="battle-history">Go! HODEN (<strong>Snorlax</strong>)!<br></div><div class="battle-history"><small>HODEN was hurt by the spikes!</small><br></div><div class="spacer battle-history"><br></div><div class="battle-history">The opposing autumn dies used <strong>Thunder</strong>!<br></div><div class="battle-history"><small>HODEN avoided the attack!</small><br></div><div class="spacer battle-history"><br></div><div class="battle-history"><small>The opposing autumn dies restored a little HP using its Leftovers!</small><br></div><div class="battle-history"><small>HODEN restored a little HP using its Leftovers!</small><br></div><div class="spacer battle-history"><br></div><h2 class="battle-history">Turn 70</h2><div class="spacer battle-history"><br></div><div class="battle-history">HODEN used <strong>Double-Edge</strong>!<br></div><div class="battle-history"><small>(The opposing autumn dies lost <abbr title="−184/383">48.0%</abbr> of its health!)</small><br></div><div class="spacer battle-history"><br></div><div class="battle-history">The opposing autumn dies fainted!<br></div><div class="battle-history"><small>HODEN was damaged by the recoil!</small><br></div><div class="spacer battle-history"><br></div><div class="battle-history">BKC sent out butterfly (<strong>Skarmory</strong>)!<br></div><div class="spacer battle-history"><br></div><div class="battle-history"><small>HODEN restored a little HP using its Leftovers!</small><br></div><div class="spacer battle-history"><br></div><h2 class="battle-history">Turn 71</h2><div class="spacer battle-history"><br></div><div class="battle-history">HODEN, come back!<br></div><div class="battle-history">Go! Johann (<strong>Umbreon</strong>)!<br></div><div class="battle-history"><small>Johann was hurt by the spikes!</small><br></div><div class="battle-history"><small>The opposing butterfly woke up!</small><br></div><div class="spacer battle-history"><br></div><div class="battle-history">The opposing butterfly used <strong>Curse</strong>!<br></div><div class="battle-history"><small>The opposing butterfly's Speed fell!</small><br></div><div class="battle-history"><small>The opposing butterfly's Attack rose!</small><br></div><div class="battle-history"><small>The opposing butterfly's Defense rose!</small><br></div><div class="spacer battle-history"><br></div><div class="battle-history"><small>Johann restored a little HP using its Leftovers!</small><br></div><div class="spacer battle-history"><br></div><h2 class="battle-history">Turn 72</h2><div class="spacer battle-history"><br></div><div class="battle-history">Johann used <strong>Charm</strong>!<br></div><div class="battle-history"><small>The opposing butterfly's Attack fell harshly!</small><br></div><div class="spacer battle-history"><br></div><div class="battle-history">The opposing butterfly used <strong>Drill Peck</strong>!<br></div><div class="battle-history"><small>(Johann lost <abbr title="−51/393">13.0%</abbr> of its health!)</small><br></div><div class="spacer battle-history"><br></div><div class="battle-history"><small>Johann restored a little HP using its Leftovers!</small><br></div><div class="spacer battle-history"><br></div><h2 class="battle-history">Turn 73</h2><div class="spacer battle-history"><br></div><div class="battle-history">Johann used <strong>Rest</strong>!<br></div><div class="battle-history"><small>Johann fell asleep!</small><br></div><div class="battle-history"><small>Johann slept and became healthy!</small><br></div><div class="spacer battle-history"><br></div><div class="battle-history">The opposing butterfly used <strong>Whirlwind</strong>!<br></div><div class="spacer battle-history"><br></div><div class="battle-history">HODEN (<strong>Snorlax</strong>) was dragged out!<br></div><div class="battle-history"><small>HODEN was hurt by the spikes!</small><br></div><div class="spacer battle-history"><br></div><div class="battle-history"><small>HODEN restored a little HP using its Leftovers!</small><br></div><div class="spacer battle-history"><br></div><h2 class="battle-history">Turn 74</h2><div class="spacer battle-history"><br></div><div class="battle-history">HODEN, come back!<br></div><div class="battle-history">Go! DDR (<strong>Skarmory</strong>)!<br></div><div class="spacer battle-history"><br></div><div class="battle-history">The opposing butterfly used <strong>Whirlwind</strong>!<br></div><div class="spacer battle-history"><br></div><div class="battle-history">HODEN (<strong>Snorlax</strong>) was dragged out!<br></div><div class="battle-history"><small>HODEN was hurt by the spikes!</small><br></div><div class="spacer battle-history"><br></div><div class="battle-history"><small>HODEN restored a little HP using its Leftovers!</small><br></div><div class="spacer battle-history"><br></div><h2 class="battle-history">Turn 75</h2><div class="spacer battle-history"><br></div><div class="battle-history">HODEN, come back!<br></div><div class="battle-history">Go! DDR (<strong>Skarmory</strong>)!<br></div><div class="spacer battle-history"><br></div><div class="battle-history">The opposing butterfly used <strong>Whirlwind</strong>!<br></div><div class="spacer battle-history"><br></div><div class="battle-history">Johann (<strong>Umbreon</strong>) was dragged out!<br></div><div class="battle-history"><small>Johann was hurt by the spikes!</small><br></div><div class="spacer battle-history"><br></div><div class="battle-history"><small>Johann restored a little HP using its Leftovers!</small><br></div><div class="spacer battle-history"><br></div><h2 class="battle-history">Turn 76</h2><div class="spacer battle-history"><br></div><div class="battle-history"><small>(The opposing butterfly is being withdrawn...)</small><br></div><div class="spacer battle-history"><br></div><div class="battle-history">Johann is fast asleep.<br></div><div class="spacer battle-history"><br></div><div class="battle-history">BKC withdrew butterfly!<br></div><div class="battle-history">BKC sent out Frankie why (<strong>Suicune</strong>)!<br></div><div class="spacer battle-history"><br></div><div class="battle-history"><small>Johann restored a little HP using its Leftovers!</small><br></div><div class="spacer battle-history"><br></div><h2 class="battle-history">Turn 77</h2><div class="spacer battle-history"><br></div><div class="battle-history">Johann, come back!<br></div><div class="battle-history">Go! DDR (<strong>Skarmory</strong>)!<br></div><div class="spacer battle-history"><br></div><div class="battle-history">The opposing Frankie why is fast asleep.<br></div><div class="spacer battle-history"><br></div><div class="battle-history">The opposing Frankie why used <strong>Sleep Talk</strong>!<br></div><div class="spacer battle-history"><br></div><div class="battle-history">The opposing Frankie why used <strong>Rest</strong>!<br></div><div class="battle-history"><small>But it failed!</small><br></div><div class="spacer battle-history"><br></div><h2 class="battle-history">Turn 78</h2><div class="spacer battle-history"><br></div><div class="battle-history">DDR, come back!<br></div><div class="battle-history">Go! HODEN (<strong>Snorlax</strong>)!<br></div><div class="battle-history"><small>HODEN was hurt by the spikes!</small><br></div><div class="spacer battle-history"><br></div><div class="battle-history">The opposing Frankie why is fast asleep.<br></div><div class="spacer battle-history"><br></div><div class="battle-history">The opposing Frankie why used <strong>Sleep Talk</strong>!<br></div><div class="spacer battle-history"><br></div><div class="battle-history">The opposing Frankie why used <strong>Toxic</strong>!<br></div><div class="battle-history"><small>HODEN was badly poisoned!</small><br></div><div class="spacer battle-history"><br></div><div class="battle-history"><small>HODEN restored a little HP using its Leftovers!</small><br></div><div class="spacer battle-history"><br></div><h2 class="battle-history">Turn 79</h2><div class="spacer battle-history"><br></div><div class="battle-history"><small>The opposing Frankie why woke up!</small><br></div><div class="spacer battle-history"><br></div><div class="battle-history">The opposing Frankie why used <strong>Surf</strong>!<br></div><div class="battle-history"><small>(HODEN lost <abbr title="−94/523">18.0%</abbr> of its health!)</small><br></div><div class="spacer battle-history"><br></div><div class="battle-history">HODEN used <strong>Rest</strong>!<br></div><div class="battle-history"><small>HODEN fell asleep!</small><br></div><div class="battle-history"><small>HODEN slept and became healthy!</small><br></div><div class="spacer battle-history"><br></div><h2 class="battle-history">Turn 80</h2><div class="spacer battle-history"><br></div><div class="battle-history">BKC withdrew Frankie why!<br></div><div class="battle-history">BKC sent out butterfly (<strong>Skarmory</strong>)!<br></div><div class="spacer battle-history"><br></div><div class="battle-history">HODEN is fast asleep.<br></div><div class="spacer battle-history"><br></div><h2 class="battle-history">Turn 81</h2><div class="spacer battle-history"><br></div><div class="battle-history">The opposing butterfly used <strong>Drill Peck</strong>!<br></div><div class="battle-history"><small>(HODEN lost <abbr title="−99/523">18.9%</abbr> of its health!)</small><br></div><div class="spacer battle-history"><br></div><div class="battle-history">HODEN is fast asleep.<br></div><div class="spacer battle-history"><br></div><div class="battle-history"><small>HODEN restored a little HP using its Leftovers!</small><br></div><div class="spacer battle-history"><br></div><h2 class="battle-history">Turn 82</h2><div class="spacer battle-history"><br></div><div class="battle-history">HODEN, come back!<br></div><div class="battle-history">Go! DDR (<strong>Skarmory</strong>)!<br></div><div class="spacer battle-history"><br></div><div class="battle-history">The opposing butterfly used <strong>Whirlwind</strong>!<br></div><div class="spacer battle-history"><br></div><div class="battle-history">Johann (<strong>Umbreon</strong>) was dragged out!<br></div><div class="battle-history"><small>Johann was hurt by the spikes!</small><br></div><div class="spacer battle-history"><br></div><div class="battle-history"><small>Johann restored a little HP using its Leftovers!</small><br></div><div class="spacer battle-history"><br></div><h2 class="battle-history">Turn 83</h2><div class="spacer battle-history"><br></div><div class="battle-history"><small>(The opposing butterfly is being withdrawn...)</small><br></div><div class="spacer battle-history"><br></div><div class="battle-history">Johann is fast asleep.<br></div><div class="spacer battle-history"><br></div><div class="battle-history">BKC withdrew butterfly!<br></div><div class="battle-history">BKC sent out Frankie why (<strong>Suicune</strong>)!<br></div><div class="spacer battle-history"><br></div><div class="battle-history"><small>Johann restored a little HP using its Leftovers!</small><br></div><div class="spacer battle-history"><br></div><h2 class="battle-history">Turn 84</h2><div class="spacer battle-history"><br></div><div class="battle-history">Johann, come back!<br></div><div class="battle-history">Go! HODEN (<strong>Snorlax</strong>)!<br></div><div class="battle-history"><small>HODEN was hurt by the spikes!</small><br></div><div class="spacer battle-history"><br></div><div class="battle-history">The opposing Frankie why used <strong>Surf</strong>!<br></div><div class="battle-history"><small>(HODEN lost <abbr title="−92/523">17.6%</abbr> of its health!)</small><br></div><div class="spacer battle-history"><br></div><div class="battle-history"><small>HODEN restored a little HP using its Leftovers!</small><br></div><div class="spacer battle-history"><br></div><h2 class="battle-history">Turn 85</h2><div class="spacer battle-history"><br></div><div class="battle-history">The opposing Frankie why used <strong>Surf</strong>!<br></div><div class="battle-history"><small>(HODEN lost <abbr title="−93/523">17.8%</abbr> of its health!)</small><br></div><div class="battle-history"><small>HODEN woke up!</small><br></div><div class="spacer battle-history"><br></div><div class="battle-history">HODEN used <strong>Double-Edge</strong>!<br></div><div class="battle-history"><small>(The opposing Frankie why lost <abbr title="−126/403">31.3%</abbr> of its health!)</small><br></div><div class="battle-history"><small>HODEN was damaged by the recoil!</small><br></div><div class="spacer battle-history"><br></div><div class="battle-history"><small>The opposing Frankie why restored a little HP using its Leftovers!</small><br></div><div class="battle-history"><small>HODEN restored a little HP using its Leftovers!</small><br></div><div class="spacer battle-history"><br></div><h2 class="battle-history">Turn 86</h2><div class="spacer battle-history"><br></div><div class="battle-history">The opposing Frankie why used <strong>Toxic</strong>!<br></div><div class="battle-history"><small>HODEN avoided the attack!</small><br></div><div class="spacer battle-history"><br></div><div class="battle-history">HODEN used <strong>Curse</strong>!<br></div><div class="battle-history"><small>HODEN's Speed fell!</small><br></div><div class="battle-history"><small>HODEN's Attack rose!</small><br></div><div class="battle-history"><small>HODEN's Defense rose!</small><br></div><div class="spacer battle-history"><br></div><div class="battle-history"><small>The opposing Frankie why restored a little HP using its Leftovers!</small><br></div><div class="battle-history"><small>HODEN restored a little HP using its Leftovers!</small><br></div><div class="spacer battle-history"><br></div><h2 class="battle-history">Turn 87</h2><div class="spacer battle-history"><br></div><div class="battle-history">The opposing Frankie why used <strong>Toxic</strong>!<br></div><div class="battle-history"><small>HODEN was badly poisoned!</small><br></div><div class="spacer battle-history"><br></div><div class="battle-history">HODEN used <strong>Double-Edge</strong>!<br></div><div class="battle-history"><small>(The opposing Frankie why lost <abbr title="−201/403">49.9%</abbr> of its health!)</small><br></div><div class="battle-history"><small>HODEN was damaged by the recoil!</small><br></div><div class="battle-history"><small>HODEN was hurt by poison!</small><br></div><div class="spacer battle-history"><br></div><div class="battle-history"><small>The opposing Frankie why restored a little HP using its Leftovers!</small><br></div><div class="battle-history"><small>HODEN restored a little HP using its Leftovers!</small><br></div><div class="spacer battle-history"><br></div><h2 class="battle-history">Turn 88</h2><div class="spacer battle-history"><br></div><div class="battle-history">The opposing Frankie why used <strong>Rest</strong>!<br></div><div class="battle-history"><small>The opposing Frankie why fell asleep!</small><br></div><div class="battle-history"><small>The opposing Frankie why slept and became healthy!</small><br></div><div class="spacer battle-history"><br></div><div class="battle-history">HODEN used <strong>Double-Edge</strong>!<br></div><div class="battle-history"><small>(The opposing Frankie why lost <abbr title="−219/403">54.3%</abbr> of its health!)</small><br></div><div class="battle-history"><small>HODEN was damaged by the recoil!</small><br></div><div class="battle-history"><small>HODEN was hurt by poison!</small><br></div><div class="spacer battle-history"><br></div><div class="battle-history"><small>The opposing Frankie why restored a little HP using its Leftovers!</small><br></div><div class="battle-history"><small>HODEN restored a little HP using its Leftovers!</small><br></div><div class="spacer battle-history"><br></div><h2 class="battle-history">Turn 89</h2><div class="spacer battle-history"><br></div><div class="battle-history">The opposing Frankie why is fast asleep.<br></div><div class="spacer battle-history"><br></div><div class="battle-history">The opposing Frankie why used <strong>Sleep Talk</strong>!<br></div><div class="spacer battle-history"><br></div><div class="battle-history">The opposing Frankie why used <strong>Surf</strong>!<br></div><div class="battle-history"><small>(HODEN lost <abbr title="−95/523">18.2%</abbr> of its health!)</small><br></div><div class="spacer battle-history"><br></div><div class="battle-history">HODEN used <strong>Rest</strong>!<br></div><div class="battle-history"><small>HODEN fell asleep!</small><br></div><div class="battle-history"><small>HODEN slept and became healthy!</small><br></div><div class="spacer battle-history"><br></div><div class="battle-history"><small>The opposing Frankie why restored a little HP using its Leftovers!</small><br></div><div class="spacer battle-history"><br></div><h2 class="battle-history">Turn 90</h2><div class="spacer battle-history"><br></div><div class="battle-history">BKC withdrew Frankie why!<br></div><div class="battle-history">BKC sent out butterfly (<strong>Skarmory</strong>)!<br></div><div class="spacer battle-history"><br></div><div class="battle-history">HODEN is fast asleep.<br></div><div class="spacer battle-history"><br></div><h2 class="battle-history">Turn 91</h2><div class="spacer battle-history"><br></div><div class="battle-history">The opposing butterfly used <strong>Curse</strong>!<br></div><div class="battle-history"><small>The opposing butterfly's Speed fell!</small><br></div><div class="battle-history"><small>The opposing butterfly's Attack rose!</small><br></div><div class="battle-history"><small>The opposing butterfly's Defense rose!</small><br></div><div class="spacer battle-history"><br></div><div class="battle-history">HODEN is fast asleep.<br></div><div class="spacer battle-history"><br></div><h2 class="battle-history">Turn 92</h2><div class="spacer battle-history"><br></div><div class="battle-history">HODEN, come back!<br></div><div class="battle-history">Go! Johann (<strong>Umbreon</strong>)!<br></div><div class="battle-history"><small>Johann was hurt by the spikes!</small><br></div><div class="spacer battle-history"><br></div><div class="battle-history">The opposing butterfly used <strong>Drill Peck</strong>!<br></div><div class="battle-history"><small>(Johann lost <abbr title="−122/393">31.0%</abbr> of its health!)</small><br></div><div class="spacer battle-history"><br></div><div class="battle-history"><small>Johann restored a little HP using its Leftovers!</small><br></div><div class="spacer battle-history"><br></div><h2 class="battle-history">Turn 93</h2><div class="spacer battle-history"><br></div><div class="battle-history">BKC withdrew butterfly!<br></div><div class="battle-history">BKC sent out Frankie why (<strong>Suicune</strong>)!<br></div><div class="battle-history"><small>Johann woke up!</small><br></div><div class="spacer battle-history"><br></div><div class="battle-history">Johann used <strong>Sleep Talk</strong>!<br></div><div class="battle-history"><small>But it failed!</small><br></div><div class="spacer battle-history"><br></div><div class="battle-history"><small>The opposing Frankie why restored a little HP using its Leftovers!</small><br></div><div class="battle-history"><small>Johann restored a little HP using its Leftovers!</small><br></div><div class="spacer battle-history"><br></div><h2 class="battle-history">Turn 94</h2><div class="spacer battle-history"><br></div><div class="battle-history">Johann, come back!<br></div><div class="battle-history">Go! HODEN (<strong>Snorlax</strong>)!<br></div><div class="battle-history"><small>HODEN was hurt by the spikes!</small><br></div><div class="spacer battle-history"><br></div><div class="battle-history">The opposing Frankie why is fast asleep.<br></div><div class="spacer battle-history"><br></div><div class="battle-history">The opposing Frankie why used <strong>Sleep Talk</strong>!<br></div><div class="spacer battle-history"><br></div><div class="battle-history">The opposing Frankie why used <strong>Rest</strong>!<br></div><div class="battle-history"><small>The opposing Frankie why slept and became healthy!</small><br></div><div class="spacer battle-history"><br></div><div class="battle-history"><small>HODEN restored a little HP using its Leftovers!</small><br></div><div class="spacer battle-history"><br></div><h2 class="battle-history">Turn 95</h2><div class="spacer battle-history"><br></div><div class="battle-history">BKC withdrew Frankie why!<br></div><div class="battle-history">BKC sent out butterfly (<strong>Skarmory</strong>)!<br></div><div class="battle-history"><small>HODEN woke up!</small><br></div><div class="spacer battle-history"><br></div><div class="battle-history">HODEN used <strong>Curse</strong>!<br></div><div class="battle-history"><small>HODEN's Speed fell!</small><br></div><div class="battle-history"><small>HODEN's Attack rose!</small><br></div><div class="battle-history"><small>HODEN's Defense rose!</small><br></div><div class="spacer battle-history"><br></div><div class="battle-history"><small>HODEN restored a little HP using its Leftovers!</small><br></div><div class="spacer battle-history"><br></div><h2 class="battle-history">Turn 96</h2><div class="spacer battle-history"><br></div><div class="battle-history">HODEN used <strong>Double-Edge</strong>!<br></div><div class="battle-history"><small>It's not very effective...</small><br></div><div class="battle-history"><small>(The opposing butterfly lost <abbr title="−92/333">27.6%</abbr> of its health!)</small><br></div><div class="battle-history"><small>HODEN was damaged by the recoil!</small><br></div><div class="spacer battle-history"><br></div><div class="battle-history">The opposing butterfly used <strong>Whirlwind</strong>!<br></div><div class="spacer battle-history"><br></div><div class="battle-history">Johann (<strong>Umbreon</strong>) was dragged out!<br></div><div class="battle-history"><small>Johann was hurt by the spikes!</small><br></div><div class="spacer battle-history"><br></div><div class="battle-history"><small>Johann restored a little HP using its Leftovers!</small><br></div><div class="spacer battle-history"><br></div><h2 class="battle-history">Turn 97</h2><div class="spacer battle-history"><br></div><div class="battle-history">Johann, come back!<br></div><div class="battle-history">Go! HODEN (<strong>Snorlax</strong>)!<br></div><div class="battle-history"><small>HODEN was hurt by the spikes!</small><br></div><div class="spacer battle-history"><br></div><div class="battle-history">The opposing butterfly used <strong>Curse</strong>!<br></div><div class="battle-history"><small>The opposing butterfly's Speed fell!</small><br></div><div class="battle-history"><small>The opposing butterfly's Attack rose!</small><br></div><div class="battle-history"><small>The opposing butterfly's Defense rose!</small><br></div><div class="spacer battle-history"><br></div><div class="battle-history"><small>HODEN restored a little HP using its Leftovers!</small><br></div><div class="spacer battle-history"><br></div><h2 class="battle-history">Turn 98</h2><div class="spacer battle-history"><br></div><div class="battle-history">HODEN, come back!<br></div><div class="battle-history">Go! DDR (<strong>Skarmory</strong>)!<br></div><div class="spacer battle-history"><br></div><div class="battle-history">The opposing butterfly used <strong>Drill Peck</strong>!<br></div><div class="battle-history"><small>It's not very effective...</small><br></div><div class="battle-history"><small>(DDR lost <abbr title="−51/333">15.3%</abbr> of its health!)</small><br></div><div class="spacer battle-history"><br></div><div class="battle-history"><small>DDR restored a little HP using its Leftovers!</small><br></div><div class="spacer battle-history"><br></div><h2 class="battle-history">Turn 99</h2><div class="spacer battle-history"><br></div><div class="battle-history">The opposing butterfly used <strong>Rest</strong>!<br></div><div class="battle-history"><small>The opposing butterfly fell asleep!</small><br></div><div class="battle-history"><small>The opposing butterfly slept and became healthy!</small><br></div><div class="spacer battle-history"><br></div><div class="battle-history">DDR used <strong>Whirlwind</strong>!<br></div><div class="spacer battle-history"><br></div><div class="battle-history">who's your friend (<strong>Forretress</strong>) was dragged out!<br></div><div class="spacer battle-history"><br></div><div class="battle-history"><small>DDR restored a little HP using its Leftovers!</small><br></div><div class="battle-history"><small>The opposing who's your friend restored a little HP using its Leftovers!</small><br></div><div class="spacer battle-history"><br></div><h2 class="battle-history">Turn 100</h2><div class="spacer battle-history"><br></div><div class="battle-history">BKC withdrew who's your friend!<br></div><div class="battle-history">BKC sent out butterfly (<strong>Skarmory</strong>)!<br></div><div class="spacer battle-history"><br></div><div class="battle-history">DDR used <strong>Drill Peck</strong>!<br></div><div class="battle-history"><small>It's not very effective...</small><br></div><div class="battle-history"><small>(The opposing butterfly lost <abbr title="−34/333">10.2%</abbr> of its health!)</small><br></div><div class="spacer battle-history"><br></div><div class="battle-history"><small>DDR restored a little HP using its Leftovers!</small><br></div><div class="spacer battle-history"><br></div><h2 class="battle-history">Turn 101</h2><div class="spacer battle-history"><br></div><div class="battle-history">BKC withdrew butterfly!<br></div><div class="battle-history">BKC sent out Frankie why (<strong>Suicune</strong>)!<br></div><div class="spacer battle-history"><br></div><div class="battle-history">DDR, come back!<br></div><div class="battle-history">Go! HODEN (<strong>Snorlax</strong>)!<br></div><div class="battle-history"><small>HODEN was hurt by the spikes!</small><br></div><div class="spacer battle-history"><br></div><div class="battle-history"><small>HODEN restored a little HP using its Leftovers!</small><br></div><div class="spacer battle-history"><br></div><h2 class="battle-history">Turn 102</h2><div class="spacer battle-history"><br></div><div class="battle-history">BKC withdrew Frankie why!<br></div><div class="battle-history">BKC sent out butterfly (<strong>Skarmory</strong>)!<br></div><div class="spacer battle-history"><br></div><div class="battle-history">HODEN used <strong>Curse</strong>!<br></div><div class="battle-history"><small>HODEN's Speed fell!</small><br></div><div class="battle-history"><small>HODEN's Attack rose!</small><br></div><div class="battle-history"><small>HODEN's Defense rose!</small><br></div><div class="spacer battle-history"><br></div><div class="battle-history"><small>HODEN restored a little HP using its Leftovers!</small><br></div><div class="spacer battle-history"><br></div><h2 class="battle-history">Turn 103</h2><div class="spacer battle-history"><br></div><div class="battle-history">The opposing butterfly is fast asleep.<br></div><div class="spacer battle-history"><br></div><div class="battle-history">HODEN used <strong>Double-Edge</strong>!<br></div><div class="battle-history"><small>It's not very effective...</small><br></div><div class="battle-history"><small>(The opposing butterfly lost <abbr title="−91/333">27.3%</abbr> of its health!)</small><br></div><div class="battle-history"><small>HODEN was damaged by the recoil!</small><br></div><div class="spacer battle-history"><br></div><div class="battle-history"><small>HODEN restored a little HP using its Leftovers!</small><br></div><div class="spacer battle-history"><br></div><h2 class="battle-history">Turn 104</h2><div class="spacer battle-history"><br></div><div class="battle-history">HODEN used <strong>Double-Edge</strong>!<br></div><div class="battle-history"><small>It's not very effective...</small><br></div><div class="battle-history"><small>(The opposing butterfly lost <abbr title="−94/333">28.2%</abbr> of its health!)</small><br></div><div class="battle-history"><small>HODEN was damaged by the recoil!</small><br></div><div class="spacer battle-history"><br></div><div class="battle-history">The opposing butterfly is fast asleep.<br></div><div class="spacer battle-history"><br></div><div class="battle-history"><small>HODEN restored a little HP using its Leftovers!</small><br></div><div class="spacer battle-history"><br></div><h2 class="battle-history">Turn 105</h2><div class="spacer battle-history"><br></div><div class="battle-history">HODEN used <strong>Double-Edge</strong>!<br></div><div class="battle-history"><small>It's not very effective...</small><br></div><div class="battle-history"><small>(The opposing butterfly lost <abbr title="−88/333">26.4%</abbr> of its health!)</small><br></div><div class="battle-history"><small>HODEN was damaged by the recoil!</small><br></div><div class="battle-history"><small>The opposing butterfly woke up!</small><br></div><div class="spacer battle-history"><br></div><div class="battle-history">The opposing butterfly used <strong>Whirlwind</strong>!<br></div><div class="spacer battle-history"><br></div><div class="battle-history">DDR (<strong>Skarmory</strong>) was dragged out!<br></div><div class="spacer battle-history"><br></div><h2 class="battle-history">Turn 106</h2><div class="spacer battle-history"><br></div><div class="battle-history">BKC withdrew butterfly!<br></div><div class="battle-history">BKC sent out Frankie why (<strong>Suicune</strong>)!<br></div><div class="spacer battle-history"><br></div><div class="battle-history">DDR used <strong>Drill Peck</strong>!<br></div><div class="battle-history"><small>(The opposing Frankie why lost <abbr title="−80/403">19.9%</abbr> of its health!)</small><br></div><div class="spacer battle-history"><br></div><div class="battle-history"><small>The opposing Frankie why restored a little HP using its Leftovers!</small><br></div><div class="spacer battle-history"><br></div><h2 class="battle-history">Turn 107</h2><div class="spacer battle-history"><br></div><div class="battle-history">The opposing Frankie why is fast asleep.<br></div><div class="spacer battle-history"><br></div><div class="battle-history">The opposing Frankie why used <strong>Sleep Talk</strong>!<br></div><div class="spacer battle-history"><br></div><div class="battle-history">The opposing Frankie why used <strong>Rest</strong>!<br></div><div class="battle-history"><small>The opposing Frankie why slept and became healthy!</small><br></div><div class="spacer battle-history"><br></div><div class="battle-history">DDR used <strong>Drill Peck</strong>!<br></div><div class="battle-history"><small>(The opposing Frankie why lost <abbr title="−73/403">18.1%</abbr> of its health!)</small><br></div><div class="spacer battle-history"><br></div><div class="battle-history"><small>The opposing Frankie why restored a little HP using its Leftovers!</small><br></div><div class="spacer battle-history"><br></div><h2 class="battle-history">Turn 108</h2><div class="spacer battle-history"><br></div><div class="battle-history">The opposing Frankie why is fast asleep.<br></div><div class="spacer battle-history"><br></div><div class="battle-history">The opposing Frankie why used <strong>Sleep Talk</strong>!<br></div><div class="spacer battle-history"><br></div><div class="battle-history">The opposing Frankie why used <strong>Rest</strong>!<br></div><div class="battle-history"><small>The opposing Frankie why slept and became healthy!</small><br></div><div class="spacer battle-history"><br></div><div class="battle-history">DDR used <strong>Drill Peck</strong>!<br></div><div class="battle-history"><small>A critical hit!</small><br></div><div class="battle-history"><small>(The opposing Frankie why lost <abbr title="−135/403">33.5%</abbr> of its health!)</small><br></div><div class="spacer battle-history"><br></div><div class="battle-history"><small>The opposing Frankie why restored a little HP using its Leftovers!</small><br></div><div class="spacer battle-history"><br></div><h2 class="battle-history">Turn 109</h2><div class="spacer battle-history"><br></div><div class="battle-history">DDR, come back!<br></div><div class="battle-history">Go! Johann (<strong>Umbreon</strong>)!<br></div><div class="battle-history"><small>Johann was hurt by the spikes!</small><br></div><div class="spacer battle-history"><br></div><div class="battle-history">The opposing Frankie why is fast asleep.<br></div><div class="spacer battle-history"><br></div><div class="battle-history"><small>The opposing Frankie why restored a little HP using its Leftovers!</small><br></div><div class="battle-history"><small>Johann restored a little HP using its Leftovers!</small><br></div><div class="spacer battle-history"><br></div><h2 class="battle-history">Turn 110</h2><div class="spacer battle-history"><br></div><div class="battle-history">BKC withdrew Frankie why!<br></div><div class="battle-history">BKC sent out butterfly (<strong>Skarmory</strong>)!<br></div><div class="spacer battle-history"><br></div><div class="battle-history">Johann, come back!<br></div><div class="battle-history">Go! DDR (<strong>Skarmory</strong>)!<br></div><div class="spacer battle-history"><br></div><h2 class="battle-history">Turn 111</h2><div class="spacer battle-history"><br></div><div class="battle-history">BKC withdrew butterfly!<br></div><div class="battle-history">BKC sent out Frankie why (<strong>Suicune</strong>)!<br></div><div class="spacer battle-history"><br></div><div class="battle-history">DDR used <strong>Drill Peck</strong>!<br></div><div class="battle-history"><small>(The opposing Frankie why lost <abbr title="−76/403">18.9%</abbr> of its health!)</small><br></div><div class="spacer battle-history"><br></div><div class="battle-history"><small>The opposing Frankie why restored a little HP using its Leftovers!</small><br></div><div class="spacer battle-history"><br></div><h2 class="battle-history">Turn 112</h2><div class="spacer battle-history"><br></div><div class="battle-history">The opposing Frankie why is fast asleep.<br></div><div class="spacer battle-history"><br></div><div class="battle-history">The opposing Frankie why used <strong>Sleep Talk</strong>!<br></div><div class="spacer battle-history"><br></div><div class="battle-history">The opposing Frankie why used <strong>Rest</strong>!<br></div><div class="battle-history"><small>The opposing Frankie why slept and became healthy!</small><br></div><div class="spacer battle-history"><br></div><div class="battle-history">DDR used <strong>Drill Peck</strong>!<br></div><div class="battle-history"><small>(The opposing Frankie why lost <abbr title="−76/403">18.9%</abbr> of its health!)</small><br></div><div class="spacer battle-history"><br></div><div class="battle-history"><small>The opposing Frankie why restored a little HP using its Leftovers!</small><br></div><div class="spacer battle-history"><br></div><h2 class="battle-history">Turn 113</h2><div class="spacer battle-history"><br></div><div class="battle-history">DDR, come back!<br></div><div class="battle-history">Go! HODEN (<strong>Snorlax</strong>)!<br></div><div class="battle-history"><small>HODEN was hurt by the spikes!</small><br></div><div class="spacer battle-history"><br></div><div class="battle-history">The opposing Frankie why is fast asleep.<br></div><div class="spacer battle-history"><br></div><div class="battle-history"><small>The opposing Frankie why restored a little HP using its Leftovers!</small><br></div><div class="battle-history"><small>HODEN restored a little HP using its Leftovers!</small><br></div><div class="spacer battle-history"><br></div><h2 class="battle-history">Turn 114</h2><div class="spacer battle-history"><br></div><div class="battle-history">The opposing Frankie why is fast asleep.<br></div><div class="spacer battle-history"><br></div><div class="battle-history">The opposing Frankie why used <strong>Sleep Talk</strong>!<br></div><div class="spacer battle-history"><br></div><div class="battle-history">The opposing Frankie why used <strong>Toxic</strong>!<br></div><div class="battle-history"><small>HODEN was badly poisoned!</small><br></div><div class="spacer battle-history"><br></div><div class="battle-history">HODEN used <strong>Curse</strong>!<br></div><div class="battle-history"><small>HODEN's Speed fell!</small><br></div><div class="battle-history"><small>HODEN's Attack rose!</small><br></div><div class="battle-history"><small>HODEN's Defense rose!</small><br></div><div class="battle-history"><small>HODEN was hurt by poison!</small><br></div><div class="spacer battle-history"><br></div><div class="battle-history"><small>The opposing Frankie why restored a little HP using its Leftovers!</small><br></div><div class="battle-history"><small>HODEN restored a little HP using its Leftovers!</small><br></div><div class="spacer battle-history"><br></div><h2 class="battle-history">Turn 115</h2><div class="spacer battle-history"><br></div><div class="battle-history"><small>The opposing Frankie why woke up!</small><br></div><div class="spacer battle-history"><br></div><div class="battle-history">The opposing Frankie why used <strong>Surf</strong>!<br></div><div class="battle-history"><small>(HODEN lost <abbr title="−97/523">18.5%</abbr> of its health!)</small><br></div><div class="spacer battle-history"><br></div><div class="battle-history">HODEN used <strong>Double-Edge</strong>!<br></div><div class="battle-history"><small>(The opposing Frankie why lost <abbr title="−206/403">51.1%</abbr> of its health!)</small><br></div><div class="battle-history"><small>HODEN was damaged by the recoil!</small><br></div><div class="battle-history"><small>HODEN was hurt by poison!</small><br></div><div class="spacer battle-history"><br></div><div class="battle-history"><small>The opposing Frankie why restored a little HP using its Leftovers!</small><br></div><div class="battle-history"><small>HODEN restored a little HP using its Leftovers!</small><br></div><div class="spacer battle-history"><br></div><h2 class="battle-history">Turn 116</h2><div class="spacer battle-history"><br></div><div class="battle-history">The opposing Frankie why used <strong>Rest</strong>!<br></div><div class="battle-history"><small>The opposing Frankie why fell asleep!</small><br></div><div class="battle-history"><small>The opposing Frankie why slept and became healthy!</small><br></div><div class="spacer battle-history"><br></div><div class="battle-history">HODEN used <strong>Double-Edge</strong>!<br></div><div class="battle-history"><small>(The opposing Frankie why lost <abbr title="−215/403">53.3%</abbr> of its health!)</small><br></div><div class="battle-history"><small>HODEN was damaged by the recoil!</small><br></div><div class="battle-history"><small>HODEN was hurt by poison!</small><br></div><div class="spacer battle-history"><br></div><div class="battle-history"><small>The opposing Frankie why restored a little HP using its Leftovers!</small><br></div><div class="battle-history"><small>HODEN restored a little HP using its Leftovers!</small><br></div><div class="spacer battle-history"><br></div><h2 class="battle-history">Turn 117</h2><div class="spacer battle-history"><br></div><div class="battle-history">The opposing Frankie why is fast asleep.<br></div><div class="spacer battle-history"><br></div><div class="battle-history">The opposing Frankie why used <strong>Sleep Talk</strong>!<br></div><div class="spacer battle-history"><br></div><div class="battle-history">The opposing Frankie why used <strong>Toxic</strong>!<br></div><div class="battle-history"><small>But it failed!</small><br></div><div class="spacer battle-history"><br></div><div class="battle-history">HODEN used <strong>Double-Edge</strong>!<br></div><div class="battle-history"><small>(The opposing Frankie why lost <abbr title="−195/403">48.4%</abbr> of its health!)</small><br></div><div class="battle-history"><small>HODEN was damaged by the recoil!</small><br></div><div class="battle-history"><small>HODEN was hurt by poison!</small><br></div><div class="spacer battle-history"><br></div><div class="battle-history">HODEN fainted!<br></div><div class="spacer battle-history"><br></div><div class="battle-history">Go! DDR (<strong>Skarmory</strong>)!<br></div><div class="spacer battle-history"><br></div><div class="battle-history"><small>The opposing Frankie why restored a little HP using its Leftovers!</small><br></div><div class="spacer battle-history"><br></div><h2 class="battle-history">Turn 118</h2><div class="chat chatmessage-beds"><strong style="color:#5360ed"><small>☆</small><span class="username" data-name="Beds">Beds</span>:</strong> <em>gg</em></div><div class="spacer battle-history"><br></div><div class="battle-history">BKC withdrew Frankie why!<br></div><div class="battle-history">BKC sent out who's your friend (<strong>Forretress</strong>)!<br></div><div class="spacer battle-history"><br></div><div class="battle-history">DDR used <strong>Drill Peck</strong>!<br></div><div class="battle-history"><small>(The opposing who's your friend lost <abbr title="−63/353">17.8%</abbr> of its health!)</small><br></div><div class="spacer battle-history"><br></div><div class="battle-history"><small>The opposing who's your friend restored a little HP using its Leftovers!</small><br></div><div class="spacer battle-history"><br></div><h2 class="battle-history">Turn 119</h2><div class="spacer battle-history"><br></div><div class="battle-history">The opposing who's your friend used <strong>Protect</strong>!<br></div><div class="battle-history"><small>The opposing who's your friend protected itself!</small><br></div><div class="spacer battle-history"><br></div><div class="battle-history">DDR used <strong>Drill Peck</strong>!<br></div><div class="battle-history"><small>The opposing who's your friend protected itself!</small><br></div><div class="spacer battle-history"><br></div><div class="battle-history"><small>The opposing who's your friend restored a little HP using its Leftovers!</small><br></div><div class="spacer battle-history"><br></div><h2 class="battle-history">Turn 120</h2><div class="spacer battle-history"><br></div><div class="battle-history">The opposing who's your friend is paralyzed! It can't move!<br></div><div class="spacer battle-history"><br></div><div class="battle-history">DDR used <strong>Drill Peck</strong>!<br></div><div class="battle-history"><small>(The opposing who's your friend lost <abbr title="−68/353">19.3%</abbr> of its health!)</small><br></div><div class="spacer battle-history"><br></div><div class="battle-history"><small>The opposing who's your friend restored a little HP using its Leftovers!</small><br></div><div class="spacer battle-history"><br></div><h2 class="battle-history">Turn 121</h2><div class="spacer battle-history"><br></div><div class="battle-history">The opposing who's your friend is paralyzed! It can't move!<br></div><div class="spacer battle-history"><br></div><div class="battle-history">DDR used <strong>Drill Peck</strong>!<br></div><div class="battle-history"><small>(The opposing who's your friend lost <abbr title="−41/353">11.6%</abbr> of its health!)</small><br></div><div class="spacer battle-history"><br></div><div class="battle-history">The opposing who's your friend fainted!<br></div><div class="spacer battle-history"><br></div><div class="battle-history">BKC sent out Frankie M (<strong>Snorlax</strong>)!<br></div><div class="spacer battle-history"><br></div><div class="battle-history"><small>The opposing Frankie M restored a little HP using its Leftovers!</small><br></div><div class="spacer battle-history"><br></div><h2 class="battle-history">Turn 122</h2><div class="spacer battle-history"><br></div><div class="battle-history">DDR used <strong>Drill Peck</strong>!<br></div><div class="battle-history"><small>(The opposing Frankie M lost <abbr title="−104/523">19.9%</abbr> of its health!)</small><br></div><div class="spacer battle-history"><br></div><div class="battle-history">The opposing Frankie M used <strong>Rest</strong>!<br></div><div class="battle-history"><small>The opposing Frankie M fell asleep!</small><br></div><div class="battle-history"><small>The opposing Frankie M slept and became healthy!</small><br></div><div class="spacer battle-history"><br></div><h2 class="battle-history">Turn 123</h2><div class="spacer battle-history"><br></div><div class="battle-history">DDR used <strong>Drill Peck</strong>!<br></div><div class="battle-history"><small>A critical hit!</small><br></div><div class="battle-history"><small>(The opposing Frankie M lost <abbr title="−190/523">36.3%</abbr> of its health!)</small><br></div><div class="spacer battle-history"><br></div><div class="battle-history">The opposing Frankie M is fast asleep.<br></div><div class="spacer battle-history"><br></div><div class="battle-history"><small>The opposing Frankie M restored a little HP using its Leftovers!</small><br></div><div class="spacer battle-history"><br></div><h2 class="battle-history">Turn 124</h2><div class="chat chatmessage-beds"><strong style="color:#5360ed"><small>☆</small><span class="username" data-name="Beds">Beds</span>:</strong> <em>one</em></div><div class="spacer battle-history"><br></div><div class="battle-history">DDR used <strong>Drill Peck</strong>!<br></div><div class="battle-history"><small>(The opposing Frankie M lost <abbr title="−108/523">20.7%</abbr> of its health!)</small><br></div><div class="spacer battle-history"><br></div><div class="battle-history">The opposing Frankie M is fast asleep.<br></div><div class="spacer battle-history"><br></div><div class="battle-history"><small>The opposing Frankie M restored a little HP using its Leftovers!</small><br></div><div class="spacer battle-history"><br></div><h2 class="battle-history">Turn 125</h2><div class="spacer battle-history"><br></div><div class="battle-history">DDR used <strong>Drill Peck</strong>!<br></div><div class="battle-history"><small>(The opposing Frankie M lost <abbr title="−107/523">20.5%</abbr> of its health!)</small><br></div><div class="battle-history"><small>The opposing Frankie M woke up!</small><br></div><div class="spacer battle-history"><br></div><div class="battle-history">The opposing Frankie M used <strong>Rest</strong>!<br></div><div class="battle-history"><small>The opposing Frankie M fell asleep!</small><br></div><div class="battle-history"><small>The opposing Frankie M slept and became healthy!</small><br></div><div class="spacer battle-history"><br></div><h2 class="battle-history">Turn 126</h2><div class="spacer battle-history"><br></div><div class="battle-history">DDR used <strong>Drill Peck</strong>!<br></div><div class="battle-history"><small>(The opposing Frankie M lost <abbr title="−107/523">20.5%</abbr> of its health!)</small><br></div><div class="spacer battle-history"><br></div><div class="battle-history">The opposing Frankie M is fast asleep.<br></div><div class="spacer battle-history"><br></div><div class="battle-history"><small>The opposing Frankie M restored a little HP using its Leftovers!</small><br></div><div class="spacer battle-history"><br></div><h2 class="battle-history">Turn 127</h2><div class="spacer battle-history"><br></div><div class="battle-history">DDR used <strong>Drill Peck</strong>!<br></div><div class="battle-history"><small>(The opposing Frankie M lost <abbr title="−103/523">19.7%</abbr> of its health!)</small><br></div><div class="spacer battle-history"><br></div><div class="battle-history">The opposing Frankie M is fast asleep.<br></div><div class="spacer battle-history"><br></div><div class="battle-history"><small>The opposing Frankie M restored a little HP using its Leftovers!</small><br></div><div class="spacer battle-history"><br></div><h2 class="battle-history">Turn 128</h2><div class="spacer battle-history"><br></div><div class="battle-history">DDR used <strong>Drill Peck</strong>!<br></div><div class="battle-history"><small>(The opposing Frankie M lost <abbr title="−107/523">20.5%</abbr> of its health!)</small><br></div><div class="battle-history"><small>The opposing Frankie M woke up!</small><br></div><div class="spacer battle-history"><br></div><div class="battle-history">The opposing Frankie M used <strong>Flamethrower</strong>!<br></div><div class="battle-history"><small>It's super effective!</small><br></div><div class="battle-history"><small>(DDR lost <abbr title="−148/333">44.4%</abbr> of its health!)</small><br></div><div class="spacer battle-history"><br></div><div class="battle-history"><small>DDR restored a little HP using its Leftovers!</small><br></div><div class="battle-history"><small>The opposing Frankie M restored a little HP using its Leftovers!</small><br></div><div class="spacer battle-history"><br></div><h2 class="battle-history">Turn 129</h2><div class="spacer battle-history"><br></div><div class="battle-history">DDR used <strong>Drill Peck</strong>!<br></div><div class="battle-history"><small>(The opposing Frankie M lost <abbr title="−109/523">20.8%</abbr> of its health!)</small><br></div><div class="spacer battle-history"><br></div><div class="battle-history">The opposing Frankie M used <strong>Rest</strong>!<br></div><div class="battle-history"><small>The opposing Frankie M fell asleep!</small><br></div><div class="battle-history"><small>The opposing Frankie M slept and became healthy!</small><br></div><div class="spacer battle-history"><br></div><div class="battle-history"><small>DDR restored a little HP using its Leftovers!</small><br></div><div class="spacer battle-history"><br></div><h2 class="battle-history">Turn 130</h2><div class="spacer battle-history"><br></div><div class="battle-history">DDR used <strong>Drill Peck</strong>!<br></div><div class="battle-history"><small>(The opposing Frankie M lost <abbr title="−113/523">21.6%</abbr> of its health!)</small><br></div><div class="spacer battle-history"><br></div><div class="battle-history">The opposing Frankie M is fast asleep.<br></div><div class="spacer battle-history"><br></div><div class="battle-history"><small>DDR restored a little HP using its Leftovers!</small><br></div><div class="battle-history"><small>The opposing Frankie M restored a little HP using its Leftovers!</small><br></div><div class="spacer battle-history"><br></div><h2 class="battle-history">Turn 131</h2><div class="spacer battle-history"><br></div><div class="battle-history">DDR used <strong>Drill Peck</strong>!<br></div><div class="battle-history"><small>(The opposing Frankie M lost <abbr title="−109/523">20.8%</abbr> of its health!)</small><br></div><div class="spacer battle-history"><br></div><div class="battle-history">The opposing Frankie M is fast asleep.<br></div><div class="spacer battle-history"><br></div><div class="battle-history"><small>DDR restored a little HP using its Leftovers!</small><br></div><div class="battle-history"><small>The opposing Frankie M restored a little HP using its Leftovers!</small><br></div><div class="spacer battle-history"><br></div><h2 class="battle-history">Turn 132</h2><div class="spacer battle-history"><br></div><div class="battle-history">DDR used <strong>Drill Peck</strong>!<br></div><div class="battle-history"><small>(The opposing Frankie M lost <abbr title="−103/523">19.7%</abbr> of its health!)</small><br></div><div class="battle-history"><small>The opposing Frankie M woke up!</small><br></div><div class="spacer battle-history"><br></div><div class="battle-history">The opposing Frankie M used <strong>Flamethrower</strong>!<br></div><div class="battle-history"><small>It's super effective!</small><br></div><div class="battle-history"><small>(DDR lost <abbr title="−140/333">42.0%</abbr> of its health!)</small><br></div><div class="spacer battle-history"><br></div><div class="battle-history"><small>DDR restored a little HP using its Leftovers!</small><br></div><div class="battle-history"><small>The opposing Frankie M restored a little HP using its Leftovers!</small><br></div><div class="spacer battle-history"><br></div><h2 class="battle-history">Turn 133</h2><div class="spacer battle-history"><br></div><div class="battle-history">DDR used <strong>Drill Peck</strong>!<br></div><div class="battle-history"><small>(The opposing Frankie M lost <abbr title="−114/523">21.8%</abbr> of its health!)</small><br></div><div class="spacer battle-history"><br></div><div class="battle-history">The opposing Frankie M used <strong>Rest</strong>!<br></div><div class="battle-history"><small>The opposing Frankie M fell asleep!</small><br></div><div class="battle-history"><small>The opposing Frankie M slept and became healthy!</small><br></div><div class="spacer battle-history"><br></div><div class="battle-history"><small>DDR restored a little HP using its Leftovers!</small><br></div><div class="spacer battle-history"><br></div><h2 class="battle-history">Turn 134</h2><div class="spacer battle-history"><br></div><div class="battle-history">DDR used <strong>Drill Peck</strong>!<br></div><div class="battle-history"><small>(The opposing Frankie M lost <abbr title="−113/523">21.6%</abbr> of its health!)</small><br></div><div class="spacer battle-history"><br></div><div class="battle-history">The opposing Frankie M is fast asleep.<br></div><div class="spacer battle-history"><br></div><div class="battle-history"><small>DDR restored a little HP using its Leftovers!</small><br></div><div class="battle-history"><small>The opposing Frankie M restored a little HP using its Leftovers!</small><br></div><div class="spacer battle-history"><br></div><h2 class="battle-history">Turn 135</h2><div class="spacer battle-history"><br></div><div class="battle-history">DDR used <strong>Drill Peck</strong>!<br></div><div class="battle-history"><small>(The opposing Frankie M lost <abbr title="−113/523">21.6%</abbr> of its health!)</small><br></div><div class="spacer battle-history"><br></div><div class="battle-history">The opposing Frankie M is fast asleep.<br></div><div class="spacer battle-history"><br></div><div class="battle-history"><small>DDR restored a little HP using its Leftovers!</small><br></div><div class="battle-history"><small>The opposing Frankie M restored a little HP using its Leftovers!</small><br></div><div class="spacer battle-history"><br></div><h2 class="battle-history">Turn 136</h2><div class="spacer battle-history"><br></div><div class="battle-history">DDR used <strong>Drill Peck</strong>!<br></div><div class="battle-history"><small>(The opposing Frankie M lost <abbr title="−110/523">21.0%</abbr> of its health!)</small><br></div><div class="battle-history"><small>The opposing Frankie M woke up!</small><br></div><div class="spacer battle-history"><br></div><div class="battle-history">The opposing Frankie M used <strong>Flamethrower</strong>!<br></div><div class="battle-history"><small>It's super effective!</small><br></div><div class="battle-history"><small>(DDR lost <abbr title="−138/333">41.4%</abbr> of its health!)</small><br></div><div class="spacer battle-history"><br></div><div class="battle-history"><small>DDR restored a little HP using its Leftovers!</small><br></div><div class="battle-history"><small>The opposing Frankie M restored a little HP using its Leftovers!</small><br></div><div class="spacer battle-history"><br></div><h2 class="battle-history">Turn 137</h2><div class="spacer battle-history"><br></div><div class="battle-history">DDR used <strong>Drill Peck</strong>!<br></div><div class="battle-history"><small>(The opposing Frankie M lost <abbr title="−108/523">20.7%</abbr> of its health!)</small><br></div><div class="spacer battle-history"><br></div><div class="battle-history">The opposing Frankie M used <strong>Flamethrower</strong>!<br></div><div class="battle-history"><small>It's super effective!</small><br></div><div class="battle-history"><small>(DDR lost <abbr title="−87/333">26.1%</abbr> of its health!)</small><br></div><div class="spacer battle-history"><br></div><div class="battle-history">DDR fainted!<br></div><div class="spacer battle-history"><br></div><div class="battle-history">Go! Johann (<strong>Umbreon</strong>)!<br></div><div class="battle-history"><small>Johann was hurt by the spikes!</small><br></div><div class="spacer battle-history"><br></div><div class="battle-history"><small>Johann restored a little HP using its Leftovers!</small><br></div><div class="battle-history"><small>The opposing Frankie M restored a little HP using its Leftovers!</small><br></div><div class="spacer battle-history"><br></div><h2 class="battle-history">Turn 138</h2><div class="spacer battle-history"><br></div><div class="battle-history">Johann used <strong>Pursuit</strong>!<br></div><div class="battle-history"><small>(The opposing Frankie M lost <abbr title="−31/523">5.9%</abbr> of its health!)</small><br></div><div class="spacer battle-history"><br></div><div class="battle-history">The opposing Frankie M used <strong>Double-Edge</strong>!<br></div><div class="battle-history"><small>(Johann lost <abbr title="−136/393">34.6%</abbr> of its health!)</small><br></div><div class="battle-history"><small>The opposing Frankie M was damaged by the recoil!</small><br></div><div class="spacer battle-history"><br></div><div class="battle-history"><small>Johann restored a little HP using its Leftovers!</small><br></div><div class="battle-history"><small>The opposing Frankie M restored a little HP using its Leftovers!</small><br></div><div class="spacer battle-history"><br></div><h2 class="battle-history">Turn 139</h2><div class="spacer battle-history"><br></div><div class="battle-history">Johann used <strong>Pursuit</strong>!<br></div><div class="battle-history"><small>(The opposing Frankie M lost <abbr title="−32/523">6.1%</abbr> of its health!)</small><br></div><div class="spacer battle-history"><br></div><div class="battle-history">The opposing Frankie M used <strong>Double-Edge</strong>!<br></div><div class="battle-history"><small>A critical hit!</small><br></div><div class="battle-history"><small>(Johann lost <abbr title="−81/393">20.6%</abbr> of its health!)</small><br></div><div class="spacer battle-history"><br></div><div class="battle-history">Johann fainted!<br></div><div class="spacer battle-history"><br></div><div class="battle-history"><strong>BKC</strong> won the battle!<br></div><div class="battle-history"><small>The opposing Frankie M was damaged by the recoil!</small><br></div><div class="chat chatmessage-bkc"><strong style="color:#7f7f2f"><small>☆</small><span class="username" data-name="BKC">BKC</span>:</strong> <em>gg</em></div></div><div class="inner-preempt"></div></div></div>
</div>
<script>
let daily = Math.floor(Date.now()/1000/60/60/24);document.write('<script src="https://play.pokemonshowdown.com/js/replay-embed.js?version'+daily+'"></'+'script>');
</script>
