<!DOCTYPE html>
<meta charset="utf-8" />
<!-- version 1 -->
<title>[Gen 2] OU replay: Century Express vs. Lavos</title>
<style>
html,body {font-family:Verdana, sans-serif;font-size:10pt;margin:0;padding:0;}body{padding:12px 0;} .battle-log {font-family:Verdana, sans-serif;font-size:10pt;} .battle-log-inline {border:1px solid #AAAAAA;background:#EEF2F5;color:black;max-width:640px;margin:0 auto 80px;padding-bottom:5px;} .battle-log .inner {padding:4px 8px 0px 8px;} .battle-log .inner-preempt {padding:0 8px 4px 8px;} .battle-log .inner-after {margin-top:0.5em;} .battle-log h2 {margin:0.5em -8px;padding:4px 8px;border:1px solid #AAAAAA;background:#E0E7EA;border-left:0;border-right:0;font-family:Verdana, sans-serif;font-size:13pt;} .battle-log .chat {vertical-align:middle;padding:3px 0 3px 0;font-size:8pt;} .battle-log .chat strong {color:#40576A;} .battle-log .chat em {padding:1px 4px 1px 3px;color:#000000;font-style:normal;} .chat.mine {background:rgba(0,0,0,0.05);margin-left:-8px;margin-right:-8px;padding-left:8px;padding-right:8px;} .spoiler {color:#BBBBBB;background:#BBBBBB;padding:0px 3px;} .spoiler:hover, .spoiler:active, .spoiler-shown {color:#000000;background:#E2E2E2;padding:0px 3px;} .spoiler a {color:#BBBBBB;} .spoiler:hover a, .spoiler:active a, .spoiler-shown a {color:#2288CC;} .chat code, .chat .spoiler:hover code, .chat .spoiler:active code, .chat .spoiler-shown code {border:1px solid #C0C0C0;background:#EEEEEE;color:black;padding:0 2px;} .chat .spoiler code {border:1px solid #CCCCCC;background:#CCCCCC;color:#CCCCCC;} .battle-log .rated {padding:3px 4px;} .battle-log .rated strong {color:white;background:#89A;padding:1px 4px;border-radius:4px;} .spacer {margin-top:0.5em;} .message-announce {background:#6688AA;color:white;padding:1px 4px 2px;} .message-announce a, .broadcast-green a, .broadcast-blue a, .broadcast-red a {color:#DDEEFF;} .broadcast-green {background-color:#559955;color:white;padding:2px 4px;} .broadcast-blue {background-color:#6688AA;color:white;padding:2px 4px;} .infobox {border:1px solid #6688AA;padding:2px 4px;} .infobox-limited {max-height:200px;overflow:auto;overflow-x:hidden;} .broadcast-red {background-color:#AA5544;color:white;padding:2px 4px;} .message-learn-canlearn {font-weight:bold;color:#228822;text-decoration:underline;} .message-learn-cannotlearn {font-weight:bold;color:#CC2222;text-decoration:underline;} .message-effect-weak {font-weight:bold;color:#CC2222;} .message-effect-resist {font-weight:bold;color:#6688AA;} .message-effect-immune {font-weight:bold;color:#666666;} .message-learn-list {margin-top:0;margin-bottom:0;} .message-throttle-notice, .message-error {color:#992222;} .message-overflow, .chat small.message-overflow {font-size:0pt;} .message-overflow::before {font-size:9pt;content:'...';} .subtle {color:#3A4A66;}
</style>
<div class="wrapper replay-wrapper" style="max-width:1180px;margin:0 auto">
<input type="hidden" name="replayid" value="smogtours-gen2ou-428594" />
<div class="battle"></div><div class="battle-log"></div><div class="replay-controls"></div><div class="replay-controls-2"></div>
<h1 style="font-weight:normal;text-align:center"><strong>[Gen 2] OU</strong><br /><a href="http://pokemonshowdown.com/users/centuryexpress" class="subtle" target="_blank">Century Express</a> vs. <a href="http://pokemonshowdown.com/users/lavos" class="subtle" target="_blank">Lavos</a></h1>
<script type="text/plain" class="battle-log-data">|inactive|Battle timer is ON: inactive players will automatically lose when time's up.
|player|p1|Century Express|wattson
|player|p2|Lavos|#splxruiners
|teamsize|p1|6
|teamsize|p2|6
|gametype|singles
|gen|2
|tier|[Gen 2] OU
|rule|Sleep Clause Mod: Limit one foe put to sleep
|rule|Freeze Clause Mod: Limit one foe frozen
|rule|Species Clause: Limit one of each Pokémon
|rule|OHKO Clause: OHKO moves are banned
|rule|Evasion Moves Clause: Evasion moves are banned
|rule|HP Percentage Mod: HP is shown in percentages
|
|start
|switch|p1a: Nidoking|Nidoking, M|100\/100
|switch|p2a: BloodFallsAsMortal|Zapdos|100\/100
|turn|1
|c|☆Lavos|gl hf
|c|☆Century Express|hf
|inactive|Century Express has 270 seconds left.
|raw|<div class="broadcast-red"><strong>Moderated chat was set to ☆!<\/strong><br \/>Only users of rank ☆ and higher can talk.<\/div>
|
|move|p2a: BloodFallsAsMortal|Hidden Power|p1a: Nidoking
|-supereffective|p1a: Nidoking
|-damage|p1a: Nidoking|60\/100
|move|p1a: Nidoking|Ice Beam|p2a: BloodFallsAsMortal
|-supereffective|p2a: BloodFallsAsMortal
|-damage|p2a: BloodFallsAsMortal|62\/100
|
|-heal|p2a: BloodFallsAsMortal|68\/100|[from] item: Leftovers
|-heal|p1a: Nidoking|67\/100|[from] item: Leftovers
|upkeep
|turn|2
|
|switch|p1a: Snorlax|Snorlax, M|100\/100
|move|p2a: BloodFallsAsMortal|Rest|p2a: BloodFallsAsMortal
|-status|p2a: BloodFallsAsMortal|slp
|-heal|p2a: BloodFallsAsMortal|100\/100 slp|[silent]
|-status|p2a: BloodFallsAsMortal|slp|[from] move: Rest
|
|upkeep
|turn|3
|
|cant|p2a: BloodFallsAsMortal|slp
|move|p2a: BloodFallsAsMortal|Sleep Talk|p2a: BloodFallsAsMortal
|move|p2a: BloodFallsAsMortal|Rest|p2a: BloodFallsAsMortal|[from]Sleep Talk
|-fail|p2a: BloodFallsAsMortal
|move|p1a: Snorlax|Double-Edge|p2a: BloodFallsAsMortal
|-damage|p2a: BloodFallsAsMortal|56\/100 slp
|-damage|p1a: Snorlax|92\/100|[from] Recoil|[of] p2a: BloodFallsAsMortal
|
|-heal|p2a: BloodFallsAsMortal|62\/100 slp|[from] item: Leftovers
|-heal|p1a: Snorlax|99\/100|[from] item: Leftovers
|upkeep
|turn|4
|inactive|Century Express has 240 seconds left.
|
|switch|p2a: Granite|Rhydon, M|100\/100
|move|p1a: Snorlax|Double-Edge|p2a: Granite
|-resisted|p2a: Granite
|-damage|p2a: Granite|84\/100
|-damage|p1a: Snorlax|95\/100|[from] Recoil|[of] p2a: Granite
|
|-heal|p2a: Granite|90\/100|[from] item: Leftovers
|-heal|p1a: Snorlax|100\/100|[from] item: Leftovers
|upkeep
|turn|5
|inactive|Century Express has 240 seconds left.
|
|move|p2a: Granite|Rock Slide|p1a: Snorlax
|-damage|p1a: Snorlax|75\/100
|move|p1a: Snorlax|Double-Edge|p2a: Granite
|-resisted|p2a: Granite
|-damage|p2a: Granite|73\/100
|-damage|p1a: Snorlax|71\/100|[from] Recoil|[of] p2a: Granite
|
|-heal|p2a: Granite|79\/100|[from] item: Leftovers
|-heal|p1a: Snorlax|78\/100|[from] item: Leftovers
|upkeep
|turn|6
|inactive|Century Express has 240 seconds left.
|inactive|Lavos has 270 seconds left.
|
|switch|p2a: Vortex Chalice|Cloyster, M|100\/100
|switch|p1a: Cloyster|Cloyster, M|100\/100
|
|upkeep
|turn|7
|inactive|Century Express has 240 seconds left.
|
|move|p2a: Vortex Chalice|Spikes|p1a: Cloyster
|-sidestart|p1: Century Express|Spikes
|move|p1a: Cloyster|Toxic|p2a: Vortex Chalice
|-status|p2a: Vortex Chalice|tox
|
|upkeep
|turn|8
|inactive|Lavos has 240 seconds left.
|inactive|Lavos has 210 seconds left.
|
|switch|p2a: BloodFallsAsMortal|Zapdos|62\/100 slp
|move|p1a: Cloyster|Spikes|p2a: BloodFallsAsMortal
|-sidestart|p2: Lavos|Spikes
|
|-heal|p2a: BloodFallsAsMortal|68\/100 slp|[from] item: Leftovers
|upkeep
|turn|9
|inactive|Century Express has 240 seconds left.
|inactive|Lavos has 210 seconds left.
|inactive|Century Express has 210 seconds left.
|inactive|Century Express has 180 seconds left.
|
|switch|p1a: Steelix|Steelix, M|100\/100
|-damage|p1a: Steelix|88\/100|[from] Spikes
|cant|p2a: BloodFallsAsMortal|slp
|move|p2a: BloodFallsAsMortal|Sleep Talk|p2a: BloodFallsAsMortal
|move|p2a: BloodFallsAsMortal|Rest|p2a: BloodFallsAsMortal|[from]Sleep Talk
|-heal|p2a: BloodFallsAsMortal|100\/100 slp|[silent]
|-status|p2a: BloodFallsAsMortal|slp|[from] move: Rest
|
|-heal|p1a: Steelix|94\/100|[from] item: Leftovers
|upkeep
|turn|10
|inactive|Century Express has 180 seconds left.
|
|cant|p2a: BloodFallsAsMortal|slp
|move|p2a: BloodFallsAsMortal|Sleep Talk|p2a: BloodFallsAsMortal
|move|p2a: BloodFallsAsMortal|Thunder|p1a: Steelix|[from]Sleep Talk
|-immune|p1a: Steelix
|move|p1a: Steelix|Roar|p2a: BloodFallsAsMortal
|drag|p2a: FastenedToThe5Pts|Alakazam, M|100\/100
|-damage|p2a: FastenedToThe5Pts|88\/100|[from] Spikes
|
|-heal|p2a: FastenedToThe5Pts|94\/100|[from] item: Leftovers
|-heal|p1a: Steelix|100\/100|[from] item: Leftovers
|upkeep
|turn|11
|inactive|Century Express has 180 seconds left.
|inactive|Lavos has 180 seconds left.
|inactive|Century Express has 150 seconds left.
|
|switch|p1a: Zapdos|Zapdos|100\/100
|move|p2a: FastenedToThe5Pts|Psychic|p1a: Zapdos
|-damage|p1a: Zapdos|66\/100
|
|-heal|p2a: FastenedToThe5Pts|99\/100|[from] item: Leftovers
|-heal|p1a: Zapdos|72\/100|[from] item: Leftovers
|upkeep
|turn|12
|inactive|Lavos has 150 seconds left.
|
|switch|p2a: Paramnesia|Snorlax, M|100\/100
|-damage|p2a: Paramnesia|88\/100|[from] Spikes
|move|p1a: Zapdos|Thunder|p2a: Paramnesia
|-damage|p2a: Paramnesia|57\/100
|
|-heal|p1a: Zapdos|78\/100|[from] item: Leftovers
|-heal|p2a: Paramnesia|63\/100|[from] item: Leftovers
|upkeep
|turn|13
|
|move|p1a: Zapdos|Thunder|p2a: Paramnesia|[miss]
|-miss|p1a: Zapdos
|move|p2a: Paramnesia|Body Slam|p1a: Zapdos
|-damage|p1a: Zapdos|45\/100
|-status|p1a: Zapdos|par
|
|-heal|p2a: Paramnesia|70\/100|[from] item: Leftovers
|-heal|p1a: Zapdos|51\/100 par|[from] item: Leftovers
|upkeep
|turn|14
|
|move|p2a: Paramnesia|Curse|p2a: Paramnesia
|-unboost|p2a: Paramnesia|spe|1
|-boost|p2a: Paramnesia|atk|1
|-boost|p2a: Paramnesia|def|1
|move|p1a: Zapdos|Rest|p1a: Zapdos
|-status|p1a: Zapdos|slp
|-heal|p1a: Zapdos|100\/100 slp|[silent]
|-status|p1a: Zapdos|slp|[from] move: Rest
|
|-heal|p2a: Paramnesia|76\/100|[from] item: Leftovers
|upkeep
|turn|15
|
|switch|p1a: Steelix|Steelix, M|100\/100
|-damage|p1a: Steelix|88\/100|[from] Spikes
|move|p2a: Paramnesia|Body Slam|p1a: Steelix
|-resisted|p1a: Steelix
|-damage|p1a: Steelix|74\/100
|
|-heal|p1a: Steelix|80\/100|[from] item: Leftovers
|-heal|p2a: Paramnesia|82\/100|[from] item: Leftovers
|upkeep
|turn|16
|inactive|Century Express has 150 seconds left.
|
|move|p2a: Paramnesia|Earthquake|p1a: Steelix
|-crit|p1a: Steelix
|-supereffective|p1a: Steelix
|-damage|p1a: Steelix|0 fnt
|faint|p1a: Steelix
|inactive|Century Express has 150 seconds left.
|
|switch|p1a: Snorlax|Snorlax, M|78\/100
|-damage|p1a: Snorlax|65\/100|[from] Spikes
|
|-heal|p1a: Snorlax|71\/100|[from] item: Leftovers
|-heal|p2a: Paramnesia|88\/100|[from] item: Leftovers
|upkeep
|turn|17
|inactive|Century Express has 120 seconds left.
|
|move|p1a: Snorlax|Self-Destruct|p2a: Paramnesia
|-damage|p2a: Paramnesia|0 fnt
|faint|p1a: Snorlax
|faint|p2a: Paramnesia
|inactive|Century Express has 120 seconds left.
|inactive|Lavos has 150 seconds left.
|inactive|Century Express has 90 seconds left.
|
|switch|p1a: Jynx|Jynx, F|100\/100
|switch|p2a: Granite|Rhydon, M|79\/100
|-damage|p1a: Jynx|88\/100|[from] Spikes
|-damage|p2a: Granite|67\/100|[from] Spikes
|
|-heal|p1a: Jynx|94\/100|[from] item: Leftovers
|-heal|p2a: Granite|73\/100|[from] item: Leftovers
|upkeep
|turn|18
|inactive|Lavos has 120 seconds left.
|inactive|Lavos has 90 seconds left.
|
|switch|p2a: Vortex Chalice|Cloyster, M|100\/100 tox
|-status|p2a: Vortex Chalice|psn
|-damage|p2a: Vortex Chalice|88\/100 psn|[from] Spikes
|-damage|p2a: Vortex Chalice|76\/100 psn|[from] psn
|move|p1a: Jynx|Ice Beam|p2a: Vortex Chalice
|-resisted|p2a: Vortex Chalice
|-damage|p2a: Vortex Chalice|60\/100 psn
|
|-heal|p1a: Jynx|99\/100|[from] item: Leftovers
|-heal|p2a: Vortex Chalice|66\/100 psn|[from] item: Leftovers
|upkeep
|turn|19
|inactive|Lavos has 90 seconds left.
|inactive|Century Express has 60 seconds left.
|
|switch|p1a: Cloyster|Cloyster, M|100\/100
|-damage|p1a: Cloyster|88\/100|[from] Spikes
|move|p2a: Vortex Chalice|Surf|p1a: Cloyster
|-resisted|p1a: Cloyster
|-damage|p1a: Cloyster|64\/100
|-damage|p2a: Vortex Chalice|53\/100 psn|[from] psn|[of] p1a: Cloyster
|
|-heal|p2a: Vortex Chalice|59\/100 psn|[from] item: Leftovers
|-heal|p1a: Cloyster|70\/100|[from] item: Leftovers
|upkeep
|turn|20
|inactive|Lavos has 90 seconds left.
|inactive|Lavos has 60 seconds left.
|
|switch|p2a: BloodFallsAsMortal|Zapdos|100\/100 slp
|move|p1a: Cloyster|Surf|p2a: BloodFallsAsMortal
|-damage|p2a: BloodFallsAsMortal|72\/100 slp
|
|-heal|p2a: BloodFallsAsMortal|78\/100 slp|[from] item: Leftovers
|-heal|p1a: Cloyster|76\/100|[from] item: Leftovers
|upkeep
|turn|21
|
|switch|p2a: Minions|Gengar, M|100\/100
|-damage|p2a: Minions|88\/100|[from] Spikes
|move|p1a: Cloyster|Explosion|p2a: Minions
|-immune|p2a: Minions
|faint|p1a: Cloyster
|
|switch|p1a: Jynx|Jynx, F|99\/100
|-damage|p1a: Jynx|88\/100|[from] Spikes
|
|-heal|p2a: Minions|94\/100|[from] item: Leftovers
|-heal|p1a: Jynx|94\/100|[from] item: Leftovers
|upkeep
|turn|22
|inactive|Century Express has 60 seconds left.
|inactive|Lavos has 60 seconds left.
|inactive|Lavos has 30 seconds left.
|
|move|p2a: Minions|Ice Punch|p1a: Jynx
|-resisted|p1a: Jynx
|-damage|p1a: Jynx|83\/100
|move|p1a: Jynx|Ice Beam|p2a: Minions
|-damage|p2a: Minions|52\/100
|
|-heal|p2a: Minions|58\/100|[from] item: Leftovers
|-heal|p1a: Jynx|89\/100|[from] item: Leftovers
|upkeep
|turn|23
|inactive|Century Express has 60 seconds left.
|inactive|Lavos has 30 seconds left.
|inactive|Century Express has 30 seconds left.
|
|switch|p1a: Nidoking|Nidoking, M|67\/100
|-damage|p1a: Nidoking|54\/100|[from] Spikes
|move|p2a: Minions|Explosion|p1a: Nidoking
|-damage|p1a: Nidoking|0 fnt
|faint|p2a: Minions
|faint|p1a: Nidoking
|inactive|Century Express has 30 seconds left.
|inactive|Lavos has 30 seconds left.
|inactive|Century Express has 20 seconds left.
|inactive|Lavos has 20 seconds left.
|inactive|Century Express has 15 seconds left.
|c|☆Lavos|test
|c|☆Lavos|fucking internet
|
|switch|p2a: BloodFallsAsMortal|Zapdos|78\/100 slp
|switch|p1a: Jynx|Jynx, F|89\/100
|-damage|p1a: Jynx|77\/100|[from] Spikes
|
|-heal|p2a: BloodFallsAsMortal|84\/100 slp|[from] item: Leftovers
|-heal|p1a: Jynx|83\/100|[from] item: Leftovers
|upkeep
|turn|24
|inactive|Century Express has 25 seconds left this turn.
|inactive|Lavos has 30 seconds left this turn.
|inactive|Century Express has 20 seconds left.
|
|cant|p2a: BloodFallsAsMortal|slp
|move|p2a: BloodFallsAsMortal|Sleep Talk|p2a: BloodFallsAsMortal
|move|p2a: BloodFallsAsMortal|Rest|p2a: BloodFallsAsMortal|[from]Sleep Talk
|-heal|p2a: BloodFallsAsMortal|100\/100 slp|[silent]
|-status|p2a: BloodFallsAsMortal|slp|[from] move: Rest
|move|p1a: Jynx|Ice Beam|p2a: BloodFallsAsMortal
|-supereffective|p2a: BloodFallsAsMortal
|-damage|p2a: BloodFallsAsMortal|26\/100 slp
|
|-heal|p2a: BloodFallsAsMortal|32\/100 slp|[from] item: Leftovers
|-heal|p1a: Jynx|89\/100|[from] item: Leftovers
|upkeep
|turn|25
|inactive|Century Express has 30 seconds left this turn.
|
|cant|p2a: BloodFallsAsMortal|slp
|move|p2a: BloodFallsAsMortal|Sleep Talk|p2a: BloodFallsAsMortal
|move|p2a: BloodFallsAsMortal|Thunder|p1a: Jynx|[from]Sleep Talk
|-damage|p1a: Jynx|41\/100
|-status|p1a: Jynx|par
|cant|p1a: Jynx|par
|
|-heal|p2a: BloodFallsAsMortal|38\/100 slp|[from] item: Leftovers
|-heal|p1a: Jynx|47\/100 par|[from] item: Leftovers
|upkeep
|turn|26
|inactive|Century Express has 30 seconds left.
|inactive|Century Express has 20 seconds left.
|inactive|Century Express has 15 seconds left.
|inactive|Century Express has 10 seconds left.
|
|cant|p2a: BloodFallsAsMortal|slp
|move|p2a: BloodFallsAsMortal|Sleep Talk|p2a: BloodFallsAsMortal
|move|p2a: BloodFallsAsMortal|Thunder|p1a: Jynx|[from]Sleep Talk
|-damage|p1a: Jynx|0 fnt
|faint|p1a: Jynx
|inactive|Century Express has 20 seconds left this turn.
|
|switch|p1a: Zapdos|Zapdos|100\/100 slp
|
|-heal|p2a: BloodFallsAsMortal|44\/100 slp|[from] item: Leftovers
|upkeep
|turn|27
|inactive|Century Express has 30 seconds left this turn.
|
|-curestatus|p2a: BloodFallsAsMortal|slp|[msg]
|move|p2a: BloodFallsAsMortal|Rest|p2a: BloodFallsAsMortal
|-status|p2a: BloodFallsAsMortal|slp
|-heal|p2a: BloodFallsAsMortal|100\/100 slp|[silent]
|-status|p2a: BloodFallsAsMortal|slp|[from] move: Rest
|cant|p1a: Zapdos|slp
|move|p1a: Zapdos|Sleep Talk|p1a: Zapdos
|move|p1a: Zapdos|Rest|p1a: Zapdos|[from]Sleep Talk
|-fail|p1a: Zapdos
|
|upkeep
|turn|28
|
|cant|p1a: Zapdos|slp
|move|p1a: Zapdos|Sleep Talk|p1a: Zapdos
|move|p1a: Zapdos|Rest|p1a: Zapdos|[from]Sleep Talk
|-fail|p1a: Zapdos
|cant|p2a: BloodFallsAsMortal|slp
|move|p2a: BloodFallsAsMortal|Sleep Talk|p2a: BloodFallsAsMortal
|move|p2a: BloodFallsAsMortal|Rest|p2a: BloodFallsAsMortal|[from]Sleep Talk
|-fail|p2a: BloodFallsAsMortal
|
|upkeep
|turn|29
|
|-curestatus|p1a: Zapdos|slp|[msg]
|move|p1a: Zapdos|Thunder|p2a: BloodFallsAsMortal|[miss]
|-miss|p1a: Zapdos
|cant|p2a: BloodFallsAsMortal|slp
|move|p2a: BloodFallsAsMortal|Sleep Talk|p2a: BloodFallsAsMortal
|move|p2a: BloodFallsAsMortal|Hidden Power|p1a: Zapdos|[from]Sleep Talk
|-supereffective|p1a: Zapdos
|-damage|p1a: Zapdos|63\/100
|
|-heal|p1a: Zapdos|69\/100|[from] item: Leftovers
|upkeep
|turn|30
|
|move|p1a: Zapdos|Rest|p1a: Zapdos
|-status|p1a: Zapdos|slp
|-heal|p1a: Zapdos|100\/100 slp|[silent]
|-status|p1a: Zapdos|slp|[from] move: Rest
|-curestatus|p2a: BloodFallsAsMortal|slp|[msg]
|move|p2a: BloodFallsAsMortal|Hidden Power|p1a: Zapdos
|-supereffective|p1a: Zapdos
|-damage|p1a: Zapdos|61\/100 slp
|
|-heal|p1a: Zapdos|67\/100 slp|[from] item: Leftovers
|upkeep
|turn|31
|
|cant|p1a: Zapdos|slp
|move|p1a: Zapdos|Sleep Talk|p1a: Zapdos
|move|p1a: Zapdos|Thunder|p2a: BloodFallsAsMortal|[from]Sleep Talk
|-damage|p2a: BloodFallsAsMortal|55\/100
|-status|p2a: BloodFallsAsMortal|par
|move|p2a: BloodFallsAsMortal|Hidden Power|p1a: Zapdos
|-supereffective|p1a: Zapdos
|-damage|p1a: Zapdos|29\/100 slp
|
|-heal|p1a: Zapdos|35\/100 slp|[from] item: Leftovers
|-heal|p2a: BloodFallsAsMortal|61\/100 par|[from] item: Leftovers
|upkeep
|turn|32
|
|cant|p1a: Zapdos|slp
|move|p1a: Zapdos|Sleep Talk|p1a: Zapdos
|move|p1a: Zapdos|Hidden Power|p2a: BloodFallsAsMortal|[from]Sleep Talk
|-supereffective|p2a: BloodFallsAsMortal
|-damage|p2a: BloodFallsAsMortal|25\/100 par
|move|p2a: BloodFallsAsMortal|Hidden Power|p1a: Zapdos
|-supereffective|p1a: Zapdos
|-damage|p1a: Zapdos|0 fnt
|faint|p1a: Zapdos
|
|win|Lavos
|c|☆Lavos|gg
|c|☆Century Express|gg
</script>
</div>
<div class="battle-log battle-log-inline"><div class="inner"><div class="battle-options"></div><div class="inner"><div class="chat message-error">Battle timer is ON: inactive players will automatically lose when time's up.</div><div class=""><small>Format:</small> <br><strong>[Gen 2] OU</strong></div><div class=""><small><em>Sleep Clause Mod:</em> Limit one foe put to sleep</small></div><div class=""><small><em>Freeze Clause Mod:</em> Limit one foe frozen</small></div><div class=""><small><em>Species Clause:</em> Limit one of each Pokémon</small></div><div class=""><small><em>OHKO Clause:</em> OHKO moves are banned</small></div><div class=""><small><em>Evasion Moves Clause:</em> Evasion moves are banned</small></div><div class=""><small><em>HP Percentage Mod:</em> HP is shown in percentages</small></div><div class="spacer battle-history"><br></div><div class="battle-history">Battle started between Century Express and Lavos!<br></div><div class="spacer battle-history"><br></div><div class="battle-history">Go! <strong>Nidoking</strong>!<br></div><div class="spacer battle-history"><br></div><div class="battle-history">Lavos sent out BloodFallsAsMortal (<strong>Zapdos</strong>)!<br></div><div class="spacer battle-history"><br></div><h2 class="battle-history">Turn 1</h2><div class="chat chatmessage-lavos"><strong style="color:#489e0e"><small>☆</small><span class="username" data-name="Lavos">Lavos</span>:</strong> <em>gl hf</em></div><div class="chat chatmessage-centuryexpress"><strong style="color:#10a594"><small>☆</small><span class="username" data-name="Century Express">Century Express</span>:</strong> <em>hf</em></div><div class="chat message-error">Century Express has 270 seconds left.</div><div class="chat"><div class="broadcast-red"><strong>Moderated chat was set to ☆!</strong><br>Only users of rank ☆ and higher can talk.</div></div><div class="spacer battle-history"><br></div><div class="battle-history">The opposing BloodFallsAsMortal used <strong>Hidden Power</strong>!<br></div><div class="battle-history"><small>It's super effective!</small><br></div><div class="battle-history"><small>(Nidoking lost 40% of its health!)</small><br></div><div class="spacer battle-history"><br></div><div class="battle-history">Nidoking used <strong>Ice Beam</strong>!<br></div><div class="battle-history"><small>It's super effective!</small><br></div><div class="battle-history"><small>(The opposing BloodFallsAsMortal lost 38% of its health!)</small><br></div><div class="spacer battle-history"><br></div><div class="battle-history"><small>The opposing BloodFallsAsMortal restored a little HP using its Leftovers!</small><br></div><div class="battle-history"><small>Nidoking restored a little HP using its Leftovers!</small><br></div><div class="spacer battle-history"><br></div><h2 class="battle-history">Turn 2</h2><div class="spacer battle-history"><br></div><div class="battle-history">Nidoking, come back!<br></div><div class="battle-history">Go! <strong>Snorlax</strong>!<br></div><div class="spacer battle-history"><br></div><div class="battle-history">The opposing BloodFallsAsMortal used <strong>Rest</strong>!<br></div><div class="battle-history"><small>The opposing BloodFallsAsMortal fell asleep!</small><br></div><div class="battle-history"><small>The opposing BloodFallsAsMortal slept and became healthy!</small><br></div><div class="spacer battle-history"><br></div><h2 class="battle-history">Turn 3</h2><div class="spacer battle-history"><br></div><div class="battle-history">The opposing BloodFallsAsMortal is fast asleep.<br></div><div class="spacer battle-history"><br></div><div class="battle-history">The opposing BloodFallsAsMortal used <strong>Sleep Talk</strong>!<br></div><div class="spacer battle-history"><br></div><div class="battle-history">The opposing BloodFallsAsMortal used <strong>Rest</strong>!<br></div><div class="battle-history"><small>But it failed!</small><br></div><div class="spacer battle-history"><br></div><div class="battle-history">Snorlax used <strong>Double-Edge</strong>!<br></div><div class="battle-history"><small>(The opposing BloodFallsAsMortal lost 44% of its health!)</small><br></div><div class="battle-history"><small>Snorlax was damaged by the recoil!</small><br></div><div class="spacer battle-history"><br></div><div class="battle-history"><small>The opposing BloodFallsAsMortal restored a little HP using its Leftovers!</small><br></div><div class="battle-history"><small>Snorlax restored a little HP using its Leftovers!</small><br></div><div class="spacer battle-history"><br></div><h2 class="battle-history">Turn 4</h2><div class="chat message-error">Century Express has 240 seconds left.</div><div class="spacer battle-history"><br></div><div class="battle-history">Lavos withdrew BloodFallsAsMortal!<br></div><div class="battle-history">Lavos sent out Granite (<strong>Rhydon</strong>)!<br></div><div class="spacer battle-history"><br></div><div class="battle-history">Snorlax used <strong>Double-Edge</strong>!<br></div><div class="battle-history"><small>It's not very effective...</small><br></div><div class="battle-history"><small>(The opposing Granite lost 16% of its health!)</small><br></div><div class="battle-history"><small>Snorlax was damaged by the recoil!</small><br></div><div class="spacer battle-history"><br></div><div class="battle-history"><small>The opposing Granite restored a little HP using its Leftovers!</small><br></div><div class="battle-history"><small>Snorlax restored a little HP using its Leftovers!</small><br></div><div class="spacer battle-history"><br></div><h2 class="battle-history">Turn 5</h2><div class="chat message-error">Century Express has 240 seconds left.</div><div class="spacer battle-history"><br></div><div class="battle-history">The opposing Granite used <strong>Rock Slide</strong>!<br></div><div class="battle-history"><small>(Snorlax lost 25% of its health!)</small><br></div><div class="spacer battle-history"><br></div><div class="battle-history">Snorlax used <strong>Double-Edge</strong>!<br></div><div class="battle-history"><small>It's not very effective...</small><br></div><div class="battle-history"><small>(The opposing Granite lost 17% of its health!)</small><br></div><div class="battle-history"><small>Snorlax was damaged by the recoil!</small><br></div><div class="spacer battle-history"><br></div><div class="battle-history"><small>The opposing Granite restored a little HP using its Leftovers!</small><br></div><div class="battle-history"><small>Snorlax restored a little HP using its Leftovers!</small><br></div><div class="spacer battle-history"><br></div><h2 class="battle-history">Turn 6</h2><div class="chat message-error">Century Express has 240 seconds left.</div><div class="chat message-error">Lavos has 270 seconds left.</div><div class="spacer battle-history"><br></div><div class="battle-history">Lavos withdrew Granite!<br></div><div class="battle-history">Lavos sent out Vortex Chalice (<strong>Cloyster</strong>)!<br></div><div class="spacer battle-history"><br></div><div class="battle-history">Snorlax, come back!<br></div><div class="battle-history">Go! <strong>Cloyster</strong>!<br></div><div class="spacer battle-history"><br></div><h2 class="battle-history">Turn 7</h2><div class="chat message-error">Century Express has 240 seconds left.</div><div class="spacer battle-history"><br></div><div class="battle-history">The opposing Vortex Chalice used <strong>Spikes</strong>!<br></div><div class="battle-history"><small>Spikes were scattered on the ground all around your team!</small><br></div><div class="spacer battle-history"><br></div><div class="battle-history">Cloyster used <strong>Toxic</strong>!<br></div><div class="battle-history"><small>The opposing Vortex Chalice was badly poisoned!</small><br></div><div class="spacer battle-history"><br></div><h2 class="battle-history">Turn 8</h2><div class="chat message-error">Lavos has 240 seconds left.</div><div class="chat message-error">Lavos has 210 seconds left.</div><div class="spacer battle-history"><br></div><div class="battle-history">Lavos withdrew Vortex Chalice!<br></div><div class="battle-history">Lavos sent out BloodFallsAsMortal (<strong>Zapdos</strong>)!<br></div><div class="spacer battle-history"><br></div><div class="battle-history">Cloyster used <strong>Spikes</strong>!<br></div><div class="battle-history"><small>Spikes were scattered on the ground all around the opposing team!</small><br></div><div class="spacer battle-history"><br></div><div class="battle-history"><small>The opposing BloodFallsAsMortal restored a little HP using its Leftovers!</small><br></div><div class="spacer battle-history"><br></div><h2 class="battle-history">Turn 9</h2><div class="chat message-error">Century Express has 240 seconds left.</div><div class="chat message-error">Lavos has 210 seconds left.</div><div class="chat message-error">Century Express has 210 seconds left.</div><div class="chat message-error">Century Express has 180 seconds left.</div><div class="spacer battle-history"><br></div><div class="battle-history">Cloyster, come back!<br></div><div class="battle-history">Go! <strong>Steelix</strong>!<br></div><div class="battle-history"><small>Steelix was hurt by the spikes!</small><br></div><div class="spacer battle-history"><br></div><div class="battle-history">The opposing BloodFallsAsMortal is fast asleep.<br></div><div class="spacer battle-history"><br></div><div class="battle-history">The opposing BloodFallsAsMortal used <strong>Sleep Talk</strong>!<br></div><div class="spacer battle-history"><br></div><div class="battle-history">The opposing BloodFallsAsMortal used <strong>Rest</strong>!<br></div><div class="battle-history"><small>The opposing BloodFallsAsMortal slept and became healthy!</small><br></div><div class="spacer battle-history"><br></div><div class="battle-history"><small>Steelix restored a little HP using its Leftovers!</small><br></div><div class="spacer battle-history"><br></div><h2 class="battle-history">Turn 10</h2><div class="chat message-error">Century Express has 180 seconds left.</div><div class="spacer battle-history"><br></div><div class="battle-history">The opposing BloodFallsAsMortal is fast asleep.<br></div><div class="spacer battle-history"><br></div><div class="battle-history">The opposing BloodFallsAsMortal used <strong>Sleep Talk</strong>!<br></div><div class="spacer battle-history"><br></div><div class="battle-history">The opposing BloodFallsAsMortal used <strong>Thunder</strong>!<br></div><div class="battle-history"><small>It doesn't affect Steelix...</small><br></div><div class="spacer battle-history"><br></div><div class="battle-history">Steelix used <strong>Roar</strong>!<br></div><div class="spacer battle-history"><br></div><div class="battle-history">FastenedToThe5Pts (<strong>Alakazam</strong>) was dragged out!<br></div><div class="battle-history"><small>The opposing FastenedToThe5Pts was hurt by the spikes!</small><br></div><div class="spacer battle-history"><br></div><div class="battle-history"><small>The opposing FastenedToThe5Pts restored a little HP using its Leftovers!</small><br></div><div class="battle-history"><small>Steelix restored a little HP using its Leftovers!</small><br></div><div class="spacer battle-history"><br></div><h2 class="battle-history">Turn 11</h2><div class="chat message-error">Century Express has 180 seconds left.</div><div class="chat message-error">Lavos has 180 seconds left.</div><div class="chat message-error">Century Express has 150 seconds left.</div><div class="spacer battle-history"><br></div><div class="battle-history">Steelix, come back!<br></div><div class="battle-history">Go! <strong>Zapdos</strong>!<br></div><div class="spacer battle-history"><br></div><div class="battle-history">The opposing FastenedToThe5Pts used <strong>Psychic</strong>!<br></div><div class="battle-history"><small>(Zapdos lost 34% of its health!)</small><br></div><div class="spacer battle-history"><br></div><div class="battle-history"><small>The opposing FastenedToThe5Pts restored a little HP using its Leftovers!</small><br></div><div class="battle-history"><small>Zapdos restored a little HP using its Leftovers!</small><br></div><div class="spacer battle-history"><br></div><h2 class="battle-history">Turn 12</h2><div class="chat message-error">Lavos has 150 seconds left.</div><div class="spacer battle-history"><br></div><div class="battle-history">Lavos withdrew FastenedToThe5Pts!<br></div><div class="battle-history">Lavos sent out Paramnesia (<strong>Snorlax</strong>)!<br></div><div class="battle-history"><small>The opposing Paramnesia was hurt by the spikes!</small><br></div><div class="spacer battle-history"><br></div><div class="battle-history">Zapdos used <strong>Thunder</strong>!<br></div><div class="battle-history"><small>(The opposing Paramnesia lost 31% of its health!)</small><br></div><div class="spacer battle-history"><br></div><div class="battle-history"><small>Zapdos restored a little HP using its Leftovers!</small><br></div><div class="battle-history"><small>The opposing Paramnesia restored a little HP using its Leftovers!</small><br></div><div class="spacer battle-history"><br></div><h2 class="battle-history">Turn 13</h2><div class="spacer battle-history"><br></div><div class="battle-history">Zapdos used <strong>Thunder</strong>!<br></div><div class="battle-history"><small>Zapdos's attack missed!</small><br></div><div class="spacer battle-history"><br></div><div class="battle-history">The opposing Paramnesia used <strong>Body Slam</strong>!<br></div><div class="battle-history"><small>(Zapdos lost 33% of its health!)</small><br></div><div class="battle-history"><small>Zapdos is paralyzed! It may be unable to move!</small><br></div><div class="spacer battle-history"><br></div><div class="battle-history"><small>The opposing Paramnesia restored a little HP using its Leftovers!</small><br></div><div class="battle-history"><small>Zapdos restored a little HP using its Leftovers!</small><br></div><div class="spacer battle-history"><br></div><h2 class="battle-history">Turn 14</h2><div class="spacer battle-history"><br></div><div class="battle-history">The opposing Paramnesia used <strong>Curse</strong>!<br></div><div class="battle-history"><small>The opposing Paramnesia's Speed fell!</small><br></div><div class="battle-history"><small>The opposing Paramnesia's Attack rose!</small><br></div><div class="battle-history"><small>The opposing Paramnesia's Defense rose!</small><br></div><div class="spacer battle-history"><br></div><div class="battle-history">Zapdos used <strong>Rest</strong>!<br></div><div class="battle-history"><small>Zapdos fell asleep!</small><br></div><div class="battle-history"><small>Zapdos slept and became healthy!</small><br></div><div class="spacer battle-history"><br></div><div class="battle-history"><small>The opposing Paramnesia restored a little HP using its Leftovers!</small><br></div><div class="spacer battle-history"><br></div><h2 class="battle-history">Turn 15</h2><div class="spacer battle-history"><br></div><div class="battle-history">Zapdos, come back!<br></div><div class="battle-history">Go! <strong>Steelix</strong>!<br></div><div class="battle-history"><small>Steelix was hurt by the spikes!</small><br></div><div class="spacer battle-history"><br></div><div class="battle-history">The opposing Paramnesia used <strong>Body Slam</strong>!<br></div><div class="battle-history"><small>It's not very effective...</small><br></div><div class="battle-history"><small>(Steelix lost 14% of its health!)</small><br></div><div class="spacer battle-history"><br></div><div class="battle-history"><small>Steelix restored a little HP using its Leftovers!</small><br></div><div class="battle-history"><small>The opposing Paramnesia restored a little HP using its Leftovers!</small><br></div><div class="spacer battle-history"><br></div><h2 class="battle-history">Turn 16</h2><div class="chat message-error">Century Express has 150 seconds left.</div><div class="spacer battle-history"><br></div><div class="battle-history">The opposing Paramnesia used <strong>Earthquake</strong>!<br></div><div class="battle-history"><small>A critical hit!</small><br></div><div class="battle-history"><small>It's super effective!</small><br></div><div class="battle-history"><small>(Steelix lost 80% of its health!)</small><br></div><div class="spacer battle-history"><br></div><div class="battle-history">Steelix fainted!<br></div><div class="chat message-error">Century Express has 150 seconds left.</div><div class="spacer battle-history"><br></div><div class="battle-history">Go! <strong>Snorlax</strong>!<br></div><div class="battle-history"><small>Snorlax was hurt by the spikes!</small><br></div><div class="spacer battle-history"><br></div><div class="battle-history"><small>Snorlax restored a little HP using its Leftovers!</small><br></div><div class="battle-history"><small>The opposing Paramnesia restored a little HP using its Leftovers!</small><br></div><div class="spacer battle-history"><br></div><h2 class="battle-history">Turn 17</h2><div class="chat message-error">Century Express has 120 seconds left.</div><div class="spacer battle-history"><br></div><div class="battle-history">Snorlax used <strong>Self-Destruct</strong>!<br></div><div class="battle-history"><small>(The opposing Paramnesia lost 88% of its health!)</small><br></div><div class="spacer battle-history"><br></div><div class="battle-history">Snorlax fainted!<br></div><div class="battle-history">The opposing Paramnesia fainted!<br></div><div class="chat message-error">Century Express has 120 seconds left.</div><div class="chat message-error">Lavos has 150 seconds left.</div><div class="chat message-error">Century Express has 90 seconds left.</div><div class="spacer battle-history"><br></div><div class="battle-history">Go! <strong>Jynx</strong>!<br></div><div class="spacer battle-history"><br></div><div class="battle-history">Lavos sent out Granite (<strong>Rhydon</strong>)!<br></div><div class="battle-history"><small>Jynx was hurt by the spikes!</small><br></div><div class="battle-history"><small>The opposing Granite was hurt by the spikes!</small><br></div><div class="spacer battle-history"><br></div><div class="battle-history"><small>Jynx restored a little HP using its Leftovers!</small><br></div><div class="battle-history"><small>The opposing Granite restored a little HP using its Leftovers!</small><br></div><div class="spacer battle-history"><br></div><h2 class="battle-history">Turn 18</h2><div class="chat message-error">Lavos has 120 seconds left.</div><div class="chat message-error">Lavos has 90 seconds left.</div><div class="spacer battle-history"><br></div><div class="battle-history">Lavos withdrew Granite!<br></div><div class="battle-history">Lavos sent out Vortex Chalice (<strong>Cloyster</strong>)!<br></div><div class="battle-history"><small>The opposing Vortex Chalice was poisoned!</small><br></div><div class="battle-history"><small>The opposing Vortex Chalice was hurt by the spikes!</small><br></div><div class="battle-history"><small>The opposing Vortex Chalice was hurt by poison!</small><br></div><div class="spacer battle-history"><br></div><div class="battle-history">Jynx used <strong>Ice Beam</strong>!<br></div><div class="battle-history"><small>It's not very effective...</small><br></div><div class="battle-history"><small>(The opposing Vortex Chalice lost 16% of its health!)</small><br></div><div class="spacer battle-history"><br></div><div class="battle-history"><small>Jynx restored a little HP using its Leftovers!</small><br></div><div class="battle-history"><small>The opposing Vortex Chalice restored a little HP using its Leftovers!</small><br></div><div class="spacer battle-history"><br></div><h2 class="battle-history">Turn 19</h2><div class="chat message-error">Lavos has 90 seconds left.</div><div class="chat message-error">Century Express has 60 seconds left.</div><div class="spacer battle-history"><br></div><div class="battle-history">Jynx, come back!<br></div><div class="battle-history">Go! <strong>Cloyster</strong>!<br></div><div class="battle-history"><small>Cloyster was hurt by the spikes!</small><br></div><div class="spacer battle-history"><br></div><div class="battle-history">The opposing Vortex Chalice used <strong>Surf</strong>!<br></div><div class="battle-history"><small>It's not very effective...</small><br></div><div class="battle-history"><small>(Cloyster lost 24% of its health!)</small><br></div><div class="battle-history"><small>The opposing Vortex Chalice was hurt by poison!</small><br></div><div class="spacer battle-history"><br></div><div class="battle-history"><small>The opposing Vortex Chalice restored a little HP using its Leftovers!</small><br></div><div class="battle-history"><small>Cloyster restored a little HP using its Leftovers!</small><br></div><div class="spacer battle-history"><br></div><h2 class="battle-history">Turn 20</h2><div class="chat message-error">Lavos has 90 seconds left.</div><div class="chat message-error">Lavos has 60 seconds left.</div><div class="spacer battle-history"><br></div><div class="battle-history">Lavos withdrew Vortex Chalice!<br></div><div class="battle-history">Lavos sent out BloodFallsAsMortal (<strong>Zapdos</strong>)!<br></div><div class="spacer battle-history"><br></div><div class="battle-history">Cloyster used <strong>Surf</strong>!<br></div><div class="battle-history"><small>(The opposing BloodFallsAsMortal lost 28% of its health!)</small><br></div><div class="spacer battle-history"><br></div><div class="battle-history"><small>The opposing BloodFallsAsMortal restored a little HP using its Leftovers!</small><br></div><div class="battle-history"><small>Cloyster restored a little HP using its Leftovers!</small><br></div><div class="spacer battle-history"><br></div><h2 class="battle-history">Turn 21</h2><div class="spacer battle-history"><br></div><div class="battle-history">Lavos withdrew BloodFallsAsMortal!<br></div><div class="battle-history">Lavos sent out Minions (<strong>Gengar</strong>)!<br></div><div class="battle-history"><small>The opposing Minions was hurt by the spikes!</small><br></div><div class="spacer battle-history"><br></div><div class="battle-history">Cloyster used <strong>Explosion</strong>!<br></div><div class="battle-history"><small>It doesn't affect the opposing Minions...</small><br></div><div class="spacer battle-history"><br></div><div class="battle-history">Cloyster fainted!<br></div><div class="spacer battle-history"><br></div><div class="battle-history">Go! <strong>Jynx</strong>!<br></div><div class="battle-history"><small>Jynx was hurt by the spikes!</small><br></div><div class="spacer battle-history"><br></div><div class="battle-history"><small>The opposing Minions restored a little HP using its Leftovers!</small><br></div><div class="battle-history"><small>Jynx restored a little HP using its Leftovers!</small><br></div><div class="spacer battle-history"><br></div><h2 class="battle-history">Turn 22</h2><div class="chat message-error">Century Express has 60 seconds left.</div><div class="chat message-error">Lavos has 60 seconds left.</div><div class="chat message-error">Lavos has 30 seconds left.</div><div class="spacer battle-history"><br></div><div class="battle-history">The opposing Minions used <strong>Ice Punch</strong>!<br></div><div class="battle-history"><small>It's not very effective...</small><br></div><div class="battle-history"><small>(Jynx lost 11% of its health!)</small><br></div><div class="spacer battle-history"><br></div><div class="battle-history">Jynx used <strong>Ice Beam</strong>!<br></div><div class="battle-history"><small>(The opposing Minions lost 42% of its health!)</small><br></div><div class="spacer battle-history"><br></div><div class="battle-history"><small>The opposing Minions restored a little HP using its Leftovers!</small><br></div><div class="battle-history"><small>Jynx restored a little HP using its Leftovers!</small><br></div><div class="spacer battle-history"><br></div><h2 class="battle-history">Turn 23</h2><div class="chat message-error">Century Express has 60 seconds left.</div><div class="chat message-error">Lavos has 30 seconds left.</div><div class="chat message-error">Century Express has 30 seconds left.</div><div class="spacer battle-history"><br></div><div class="battle-history">Jynx, come back!<br></div><div class="battle-history">Go! <strong>Nidoking</strong>!<br></div><div class="battle-history"><small>Nidoking was hurt by the spikes!</small><br></div><div class="spacer battle-history"><br></div><div class="battle-history">The opposing Minions used <strong>Explosion</strong>!<br></div><div class="battle-history"><small>(Nidoking lost 54% of its health!)</small><br></div><div class="spacer battle-history"><br></div><div class="battle-history">The opposing Minions fainted!<br></div><div class="battle-history">Nidoking fainted!<br></div><div class="chat message-error">Century Express has 30 seconds left.</div><div class="chat message-error">Lavos has 30 seconds left.</div><div class="chat message-error">Century Express has 20 seconds left.</div><div class="chat message-error">Lavos has 20 seconds left.</div><div class="chat message-error">Century Express has 15 seconds left.</div><div class="chat chatmessage-lavos"><strong style="color:#489e0e"><small>☆</small><span class="username" data-name="Lavos">Lavos</span>:</strong> <em>test</em></div><div class="chat chatmessage-lavos"><strong style="color:#489e0e"><small>☆</small><span class="username" data-name="Lavos">Lavos</span>:</strong> <em>fucking internet</em></div><div class="spacer battle-history"><br></div><div class="battle-history">Lavos sent out BloodFallsAsMortal (<strong>Zapdos</strong>)!<br></div><div class="spacer battle-history"><br></div><div class="battle-history">Go! <strong>Jynx</strong>!<br></div><div class="battle-history"><small>Jynx was hurt by the spikes!</small><br></div><div class="spacer battle-history"><br></div><div class="battle-history"><small>The opposing BloodFallsAsMortal restored a little HP using its Leftovers!</small><br></div><div class="battle-history"><small>Jynx restored a little HP using its Leftovers!</small><br></div><div class="spacer battle-history"><br></div><h2 class="battle-history">Turn 24</h2><div class="chat message-error">Century Express has 25 seconds left this turn.</div><div class="chat message-error">Lavos has 30 seconds left this turn.</div><div class="chat message-error">Century Express has 20 seconds left.</div><div class="spacer battle-history"><br></div><div class="battle-history">The opposing BloodFallsAsMortal is fast asleep.<br></div><div class="spacer battle-history"><br></div><div class="battle-history">The opposing BloodFallsAsMortal used <strong>Sleep Talk</strong>!<br></div><div class="spacer battle-history"><br></div><div class="battle-history">The opposing BloodFallsAsMortal used <strong>Rest</strong>!<br></div><div class="battle-history"><small>The opposing BloodFallsAsMortal slept and became healthy!</small><br></div><div class="spacer battle-history"><br></div><div class="battle-history">Jynx used <strong>Ice Beam</strong>!<br></div><div class="battle-history"><small>It's super effective!</small><br></div><div class="battle-history"><small>(The opposing BloodFallsAsMortal lost 74% of its health!)</small><br></div><div class="spacer battle-history"><br></div><div class="battle-history"><small>The opposing BloodFallsAsMortal restored a little HP using its Leftovers!</small><br></div><div class="battle-history"><small>Jynx restored a little HP using its Leftovers!</small><br></div><div class="spacer battle-history"><br></div><h2 class="battle-history">Turn 25</h2><div class="chat message-error">Century Express has 30 seconds left this turn.</div><div class="spacer battle-history"><br></div><div class="battle-history">The opposing BloodFallsAsMortal is fast asleep.<br></div><div class="spacer battle-history"><br></div><div class="battle-history">The opposing BloodFallsAsMortal used <strong>Sleep Talk</strong>!<br></div><div class="spacer battle-history"><br></div><div class="battle-history">The opposing BloodFallsAsMortal used <strong>Thunder</strong>!<br></div><div class="battle-history"><small>(Jynx lost 48% of its health!)</small><br></div><div class="battle-history"><small>Jynx is paralyzed! It may be unable to move!</small><br></div><div class="spacer battle-history"><br></div><div class="battle-history">Jynx is paralyzed! It can't move!<br></div><div class="spacer battle-history"><br></div><div class="battle-history"><small>The opposing BloodFallsAsMortal restored a little HP using its Leftovers!</small><br></div><div class="battle-history"><small>Jynx restored a little HP using its Leftovers!</small><br></div><div class="spacer battle-history"><br></div><h2 class="battle-history">Turn 26</h2><div class="chat message-error">Century Express has 30 seconds left.</div><div class="chat message-error">Century Express has 20 seconds left.</div><div class="chat message-error">Century Express has 15 seconds left.</div><div class="chat message-error">Century Express has 10 seconds left.</div><div class="spacer battle-history"><br></div><div class="battle-history">The opposing BloodFallsAsMortal is fast asleep.<br></div><div class="spacer battle-history"><br></div><div class="battle-history">The opposing BloodFallsAsMortal used <strong>Sleep Talk</strong>!<br></div><div class="spacer battle-history"><br></div><div class="battle-history">The opposing BloodFallsAsMortal used <strong>Thunder</strong>!<br></div><div class="battle-history"><small>(Jynx lost 47% of its health!)</small><br></div><div class="spacer battle-history"><br></div><div class="battle-history">Jynx fainted!<br></div><div class="chat message-error">Century Express has 20 seconds left this turn.</div><div class="spacer battle-history"><br></div><div class="battle-history">Go! <strong>Zapdos</strong>!<br></div><div class="spacer battle-history"><br></div><div class="battle-history"><small>The opposing BloodFallsAsMortal restored a little HP using its Leftovers!</small><br></div><div class="spacer battle-history"><br></div><h2 class="battle-history">Turn 27</h2><div class="chat message-error">Century Express has 30 seconds left this turn.</div><div class="spacer battle-history"><br></div><div class="battle-history"><small>The opposing BloodFallsAsMortal woke up!</small><br></div><div class="spacer battle-history"><br></div><div class="battle-history">The opposing BloodFallsAsMortal used <strong>Rest</strong>!<br></div><div class="battle-history"><small>The opposing BloodFallsAsMortal fell asleep!</small><br></div><div class="battle-history"><small>The opposing BloodFallsAsMortal slept and became healthy!</small><br></div><div class="spacer battle-history"><br></div><div class="battle-history">Zapdos is fast asleep.<br></div><div class="spacer battle-history"><br></div><div class="battle-history">Zapdos used <strong>Sleep Talk</strong>!<br></div><div class="spacer battle-history"><br></div><div class="battle-history">Zapdos used <strong>Rest</strong>!<br></div><div class="battle-history"><small>But it failed!</small><br></div><div class="spacer battle-history"><br></div><h2 class="battle-history">Turn 28</h2><div class="spacer battle-history"><br></div><div class="battle-history">Zapdos is fast asleep.<br></div><div class="spacer battle-history"><br></div><div class="battle-history">Zapdos used <strong>Sleep Talk</strong>!<br></div><div class="spacer battle-history"><br></div><div class="battle-history">Zapdos used <strong>Rest</strong>!<br></div><div class="battle-history"><small>But it failed!</small><br></div><div class="spacer battle-history"><br></div><div class="battle-history">The opposing BloodFallsAsMortal is fast asleep.<br></div><div class="spacer battle-history"><br></div><div class="battle-history">The opposing BloodFallsAsMortal used <strong>Sleep Talk</strong>!<br></div><div class="spacer battle-history"><br></div><div class="battle-history">The opposing BloodFallsAsMortal used <strong>Rest</strong>!<br></div><div class="battle-history"><small>But it failed!</small><br></div><div class="spacer battle-history"><br></div><h2 class="battle-history">Turn 29</h2><div class="spacer battle-history"><br></div><div class="battle-history"><small>Zapdos woke up!</small><br></div><div class="spacer battle-history"><br></div><div class="battle-history">Zapdos used <strong>Thunder</strong>!<br></div><div class="battle-history"><small>Zapdos's attack missed!</small><br></div><div class="spacer battle-history"><br></div><div class="battle-history">The opposing BloodFallsAsMortal is fast asleep.<br></div><div class="spacer battle-history"><br></div><div class="battle-history">The opposing BloodFallsAsMortal used <strong>Sleep Talk</strong>!<br></div><div class="spacer battle-history"><br></div><div class="battle-history">The opposing BloodFallsAsMortal used <strong>Hidden Power</strong>!<br></div><div class="battle-history"><small>It's super effective!</small><br></div><div class="battle-history"><small>(Zapdos lost 37% of its health!)</small><br></div><div class="spacer battle-history"><br></div><div class="battle-history"><small>Zapdos restored a little HP using its Leftovers!</small><br></div><div class="spacer battle-history"><br></div><h2 class="battle-history">Turn 30</h2><div class="spacer battle-history"><br></div><div class="battle-history">Zapdos used <strong>Rest</strong>!<br></div><div class="battle-history"><small>Zapdos fell asleep!</small><br></div><div class="battle-history"><small>Zapdos slept and became healthy!</small><br></div><div class="battle-history"><small>The opposing BloodFallsAsMortal woke up!</small><br></div><div class="spacer battle-history"><br></div><div class="battle-history">The opposing BloodFallsAsMortal used <strong>Hidden Power</strong>!<br></div><div class="battle-history"><small>It's super effective!</small><br></div><div class="battle-history"><small>(Zapdos lost 39% of its health!)</small><br></div><div class="spacer battle-history"><br></div><div class="battle-history"><small>Zapdos restored a little HP using its Leftovers!</small><br></div><div class="spacer battle-history"><br></div><h2 class="battle-history">Turn 31</h2><div class="spacer battle-history"><br></div><div class="battle-history">Zapdos is fast asleep.<br></div><div class="spacer battle-history"><br></div><div class="battle-history">Zapdos used <strong>Sleep Talk</strong>!<br></div><div class="spacer battle-history"><br></div><div class="battle-history">Zapdos used <strong>Thunder</strong>!<br></div><div class="battle-history"><small>(The opposing BloodFallsAsMortal lost 45% of its health!)</small><br></div><div class="battle-history"><small>The opposing BloodFallsAsMortal is paralyzed! It may be unable to move!</small><br></div><div class="spacer battle-history"><br></div><div class="battle-history">The opposing BloodFallsAsMortal used <strong>Hidden Power</strong>!<br></div><div class="battle-history"><small>It's super effective!</small><br></div><div class="battle-history"><small>(Zapdos lost 38% of its health!)</small><br></div><div class="spacer battle-history"><br></div><div class="battle-history"><small>Zapdos restored a little HP using its Leftovers!</small><br></div><div class="battle-history"><small>The opposing BloodFallsAsMortal restored a little HP using its Leftovers!</small><br></div><div class="spacer battle-history"><br></div><h2 class="battle-history">Turn 32</h2><div class="spacer battle-history"><br></div><div class="battle-history">Zapdos is fast asleep.<br></div><div class="spacer battle-history"><br></div><div class="battle-history">Zapdos used <strong>Sleep Talk</strong>!<br></div><div class="spacer battle-history"><br></div><div class="battle-history">Zapdos used <strong>Hidden Power</strong>!<br></div><div class="battle-history"><small>It's super effective!</small><br></div><div class="battle-history"><small>(The opposing BloodFallsAsMortal lost 36% of its health!)</small><br></div><div class="spacer battle-history"><br></div><div class="battle-history">The opposing BloodFallsAsMortal used <strong>Hidden Power</strong>!<br></div><div class="battle-history"><small>It's super effective!</small><br></div><div class="battle-history"><small>(Zapdos lost 35% of its health!)</small><br></div><div class="spacer battle-history"><br></div><div class="battle-history">Zapdos fainted!<br></div><div class="spacer battle-history"><br></div><div class="battle-history"><strong>Lavos</strong> won the battle!<br></div><div class="chat chatmessage-lavos"><strong style="color:#489e0e"><small>☆</small><span class="username" data-name="Lavos">Lavos</span>:</strong> <em>gg</em></div><div class="chat chatmessage-centuryexpress"><strong style="color:#10a594"><small>☆</small><span class="username" data-name="Century Express">Century Express</span>:</strong> <em>gg</em></div></div><div class="inner-preempt"></div></div></div>
</div>
<script>
let daily = Math.floor(Date.now()/1000/60/60/24);document.write('<script src="https://play.pokemonshowdown.com/js/replay-embed.js?version'+daily+'"></'+'script>');
</script>
