<!DOCTYPE html>
<meta charset="utf-8" />
<!-- version 1 -->
<title>[Gen 2] OU replay: Googly vs. Fear</title>
<style>
html,body {font-family:Verdana, sans-serif;font-size:10pt;margin:0;padding:0;}body{padding:12px 0;} .battle-log {font-family:Verdana, sans-serif;font-size:10pt;} .battle-log-inline {border:1px solid #AAAAAA;background:#EEF2F5;color:black;max-width:640px;margin:0 auto 80px;padding-bottom:5px;} .battle-log .inner {padding:4px 8px 0px 8px;} .battle-log .inner-preempt {padding:0 8px 4px 8px;} .battle-log .inner-after {margin-top:0.5em;} .battle-log h2 {margin:0.5em -8px;padding:4px 8px;border:1px solid #AAAAAA;background:#E0E7EA;border-left:0;border-right:0;font-family:Verdana, sans-serif;font-size:13pt;} .battle-log .chat {vertical-align:middle;padding:3px 0 3px 0;font-size:8pt;} .battle-log .chat strong {color:#40576A;} .battle-log .chat em {padding:1px 4px 1px 3px;color:#000000;font-style:normal;} .chat.mine {background:rgba(0,0,0,0.05);margin-left:-8px;margin-right:-8px;padding-left:8px;padding-right:8px;} .spoiler {color:#BBBBBB;background:#BBBBBB;padding:0px 3px;} .spoiler:hover, .spoiler:active, .spoiler-shown {color:#000000;background:#E2E2E2;padding:0px 3px;} .spoiler a {color:#BBBBBB;} .spoiler:hover a, .spoiler:active a, .spoiler-shown a {color:#2288CC;} .chat code, .chat .spoiler:hover code, .chat .spoiler:active code, .chat .spoiler-shown code {border:1px solid #C0C0C0;background:#EEEEEE;color:black;padding:0 2px;} .chat .spoiler code {border:1px solid #CCCCCC;background:#CCCCCC;color:#CCCCCC;} .battle-log .rated {padding:3px 4px;} .battle-log .rated strong {color:white;background:#89A;padding:1px 4px;border-radius:4px;} .spacer {margin-top:0.5em;} .message-announce {background:#6688AA;color:white;padding:1px 4px 2px;} .message-announce a, .broadcast-green a, .broadcast-blue a, .broadcast-red a {color:#DDEEFF;} .broadcast-green {background-color:#559955;color:white;padding:2px 4px;} .broadcast-blue {background-color:#6688AA;color:white;padding:2px 4px;} .infobox {border:1px solid #6688AA;padding:2px 4px;} .infobox-limited {max-height:200px;overflow:auto;overflow-x:hidden;} .broadcast-red {background-color:#AA5544;color:white;padding:2px 4px;} .message-learn-canlearn {font-weight:bold;color:#228822;text-decoration:underline;} .message-learn-cannotlearn {font-weight:bold;color:#CC2222;text-decoration:underline;} .message-effect-weak {font-weight:bold;color:#CC2222;} .message-effect-resist {font-weight:bold;color:#6688AA;} .message-effect-immune {font-weight:bold;color:#666666;} .message-learn-list {margin-top:0;margin-bottom:0;} .message-throttle-notice, .message-error {color:#992222;} .message-overflow, .chat small.message-overflow {font-size:0pt;} .message-overflow::before {font-size:9pt;content:'...';} .subtle {color:#3A4A66;}
</style>
<div class="wrapper replay-wrapper" style="max-width:1180px;margin:0 auto">
<input type="hidden" name="replayid" value="smogtours-gen2ou-426544" />
<div class="battle"></div><div class="battle-log"></div><div class="replay-controls"></div><div class="replay-controls-2"></div>
<h1 style="font-weight:normal;text-align:center"><strong>[Gen 2] OU</strong><br /><a href="http://pokemonshowdown.com/users/googly" class="subtle" target="_blank">Googly</a> vs. <a href="http://pokemonshowdown.com/users/fear" class="subtle" target="_blank">Fear</a></h1>
<script type="text/plain" class="battle-log-data">|inactive|Battle timer is ON: inactive players will automatically lose when time's up.
|player|p1|Googly|blue-gen2
|player|p2|Fear|102
|teamsize|p1|6
|teamsize|p2|6
|gametype|singles
|gen|2
|tier|[Gen 2] OU
|rule|Sleep Clause Mod: Limit one foe put to sleep
|rule|Freeze Clause Mod: Limit one foe frozen
|rule|Species Clause: Limit one of each Pokémon
|rule|OHKO Clause: OHKO moves are banned
|rule|Evasion Moves Clause: Evasion moves are banned
|rule|HP Percentage Mod: HP is shown in percentages
|
|start
|switch|p1a: Zapdos|Zapdos|100\/100
|switch|p2a: Snorlax|Snorlax, M|100\/100
|turn|1
|raw|<div class="broadcast-red"><strong>Moderated chat was set to ☆!<\/strong><br \/>Only users of rank ☆ and higher can talk.<\/div>
|c|☆Googly|hf
|
|switch|p1a: Steelix|Steelix, M|100\/100
|move|p2a: Snorlax|Double-Edge|p1a: Steelix
|-resisted|p1a: Steelix
|-damage|p1a: Steelix|88\/100
|-damage|p2a: Snorlax|98\/100|[from] Recoil|[of] p1a: Steelix
|
|-heal|p2a: Snorlax|100\/100|[from] item: Leftovers
|-heal|p1a: Steelix|94\/100|[from] item: Leftovers
|upkeep
|turn|2
|
|switch|p2a: Cloyster|Cloyster, M|100\/100
|switch|p1a: Zapdos|Zapdos|100\/100
|
|upkeep
|turn|3
|
|switch|p1a: Cloyster|Cloyster, M|100\/100
|switch|p2a: Snorlax|Snorlax, M|100\/100
|
|upkeep
|turn|4
|
|switch|p2a: Cloyster|Cloyster, M|100\/100
|move|p1a: Cloyster|Spikes|p2a: Cloyster
|-sidestart|p2: Fear|Spikes
|
|upkeep
|turn|5
|inactive|Googly has 270 seconds left.
|
|move|p2a: Cloyster|Spikes|p1a: Cloyster
|-sidestart|p1: Googly|Spikes
|move|p1a: Cloyster|Toxic|p2a: Cloyster|[miss]
|-miss|p1a: Cloyster
|
|upkeep
|turn|6
|
|switch|p1a: Zapdos|Zapdos|100\/100
|move|p2a: Cloyster|Toxic|p1a: Zapdos
|-status|p1a: Zapdos|tox
|
|upkeep
|turn|7
|inactive|Googly has 270 seconds left.
|
|switch|p1a: Machamp|Machamp, M|100\/100
|-damage|p1a: Machamp|88\/100|[from] Spikes
|switch|p2a: Nidoking|Nidoking, M|100\/100
|-damage|p2a: Nidoking|88\/100|[from] Spikes
|
|-heal|p2a: Nidoking|94\/100|[from] item: Leftovers
|-heal|p1a: Machamp|94\/100|[from] item: Leftovers
|upkeep
|turn|8
|inactive|Googly has 270 seconds left.
|inactive|Googly has 240 seconds left.
|
|move|p2a: Nidoking|Ice Beam|p1a: Machamp
|-damage|p1a: Machamp|74\/100
|move|p1a: Machamp|Light Screen|p1a: Machamp
|-sidestart|p1: Googly|move: Light Screen
|
|-heal|p2a: Nidoking|99\/100|[from] item: Leftovers
|-heal|p1a: Machamp|80\/100|[from] item: Leftovers
|upkeep
|turn|9
|inactive|Googly has 210 seconds left.
|
|switch|p1a: Zapdos|Zapdos|100\/100 tox
|-status|p1a: Zapdos|psn
|-damage|p1a: Zapdos|88\/100 psn|[from] psn
|move|p2a: Nidoking|Lovely Kiss||[still]
|-fail|p2a: Nidoking
|
|-heal|p1a: Zapdos|94\/100 psn|[from] item: Leftovers
|-heal|p2a: Nidoking|100\/100|[from] item: Leftovers
|upkeep
|turn|10
|inactive|Fear has 270 seconds left.
|
|move|p1a: Zapdos|Thunder|p2a: Nidoking
|-immune|p2a: Nidoking
|-damage|p1a: Zapdos|82\/100 psn|[from] psn|[of] p2a: Nidoking
|move|p2a: Nidoking|Earthquake|p1a: Zapdos
|-immune|p1a: Zapdos
|
|-heal|p1a: Zapdos|88\/100 psn|[from] item: Leftovers
|upkeep
|turn|11
|
|switch|p2a: Snorlax|Snorlax, M|100\/100
|-damage|p2a: Snorlax|88\/100|[from] Spikes
|move|p1a: Zapdos|Hidden Power|p2a: Snorlax
|-damage|p2a: Snorlax|77\/100
|-damage|p1a: Zapdos|76\/100 psn|[from] psn|[of] p2a: Snorlax
|
|-heal|p1a: Zapdos|82\/100 psn|[from] item: Leftovers
|-heal|p2a: Snorlax|83\/100|[from] item: Leftovers
|upkeep
|turn|12
|
|switch|p1a: Steelix|Steelix, M|94\/100
|-damage|p1a: Steelix|82\/100|[from] Spikes
|move|p2a: Snorlax|Double-Edge|p1a: Steelix
|-resisted|p1a: Steelix
|-damage|p1a: Steelix|68\/100
|-damage|p2a: Snorlax|81\/100|[from] Recoil|[of] p1a: Steelix
|
|-heal|p2a: Snorlax|87\/100|[from] item: Leftovers
|-heal|p1a: Steelix|75\/100|[from] item: Leftovers
|-sideend|p1: Googly|move: Light Screen
|upkeep
|turn|13
|inactive|Fear has 270 seconds left.
|
|move|p1a: Steelix|Earthquake|p2a: Snorlax
|-damage|p2a: Snorlax|61\/100
|move|p2a: Snorlax|Earthquake|p1a: Steelix
|-supereffective|p1a: Steelix
|-damage|p1a: Steelix|45\/100
|
|-heal|p1a: Steelix|51\/100|[from] item: Leftovers
|-heal|p2a: Snorlax|67\/100|[from] item: Leftovers
|upkeep
|turn|14
|inactive|Googly has 180 seconds left.
|
|switch|p2a: Cloyster|Cloyster, M|100\/100
|-damage|p2a: Cloyster|88\/100|[from] Spikes
|switch|p1a: Machamp|Machamp, M|80\/100
|-damage|p1a: Machamp|67\/100|[from] Spikes
|
|-heal|p2a: Cloyster|94\/100|[from] item: Leftovers
|-heal|p1a: Machamp|73\/100|[from] item: Leftovers
|upkeep
|turn|15
|inactive|Fear has 270 seconds left.
|
|switch|p2a: Nidoking|Nidoking, M|100\/100
|-damage|p2a: Nidoking|88\/100|[from] Spikes
|move|p1a: Machamp|Cross Chop|p2a: Nidoking
|-resisted|p2a: Nidoking
|-damage|p2a: Nidoking|67\/100
|
|-heal|p2a: Nidoking|73\/100|[from] item: Leftovers
|-heal|p1a: Machamp|79\/100|[from] item: Leftovers
|upkeep
|turn|16
|inactive|Googly has 150 seconds left.
|
|switch|p1a: Zapdos|Zapdos|82\/100 psn
|-damage|p1a: Zapdos|69\/100 psn|[from] psn
|move|p2a: Nidoking|Ice Beam|p1a: Zapdos
|-supereffective|p1a: Zapdos
|-damage|p1a: Zapdos|30\/100 psn
|
|-heal|p1a: Zapdos|36\/100 psn|[from] item: Leftovers
|-heal|p2a: Nidoking|79\/100|[from] item: Leftovers
|upkeep
|turn|17
|inactive|Googly has 150 seconds left.
|
|switch|p1a: Espeon|Espeon, M|100\/100
|-damage|p1a: Espeon|88\/100|[from] Spikes
|move|p2a: Nidoking|Ice Beam|p1a: Espeon
|-damage|p1a: Espeon|65\/100
|
|-heal|p1a: Espeon|71\/100|[from] item: Leftovers
|-heal|p2a: Nidoking|85\/100|[from] item: Leftovers
|upkeep
|turn|18
|inactive|Fear has 270 seconds left.
|
|switch|p1a: Cloyster|Cloyster, M|100\/100
|-damage|p1a: Cloyster|88\/100|[from] Spikes
|move|p2a: Nidoking|Lovely Kiss|p1a: Cloyster
|-status|p1a: Cloyster|slp
|
|-heal|p2a: Nidoking|91\/100|[from] item: Leftovers
|-heal|p1a: Cloyster|94\/100 slp|[from] item: Leftovers
|upkeep
|turn|19
|inactive|Googly has 120 seconds left.
|
|switch|p1a: Snorlax|Snorlax, M|100\/100
|-damage|p1a: Snorlax|88\/100|[from] Spikes
|move|p2a: Nidoking|Ice Beam|p1a: Snorlax
|-damage|p1a: Snorlax|75\/100
|
|-heal|p2a: Nidoking|97\/100|[from] item: Leftovers
|-heal|p1a: Snorlax|81\/100|[from] item: Leftovers
|upkeep
|turn|20
|inactive|Googly has 120 seconds left.
|
|switch|p2a: Tyranitar|Tyranitar, M|100\/100
|-damage|p2a: Tyranitar|88\/100|[from] Spikes
|move|p1a: Snorlax|Curse|p1a: Snorlax
|-unboost|p1a: Snorlax|spe|1
|-boost|p1a: Snorlax|atk|1
|-boost|p1a: Snorlax|def|1
|
|-heal|p2a: Tyranitar|94\/100|[from] item: Leftovers
|-heal|p1a: Snorlax|87\/100|[from] item: Leftovers
|upkeep
|turn|21
|inactive|Googly has 120 seconds left.
|
|move|p1a: Snorlax|Earthquake|p2a: Tyranitar
|-supereffective|p2a: Tyranitar
|-damage|p2a: Tyranitar|36\/100
|move|p2a: Tyranitar|Roar|p1a: Snorlax
|drag|p1a: Zapdos|Zapdos|36\/100 psn
|
|-heal|p1a: Zapdos|42\/100 psn|[from] item: Leftovers
|-heal|p2a: Tyranitar|42\/100|[from] item: Leftovers
|upkeep
|turn|22
|inactive|Googly has 120 seconds left.
|
|switch|p1a: Machamp|Machamp, M|79\/100
|-damage|p1a: Machamp|67\/100|[from] Spikes
|move|p2a: Tyranitar|Rock Slide|p1a: Machamp
|-resisted|p1a: Machamp
|-damage|p1a: Machamp|52\/100
|
|-heal|p2a: Tyranitar|49\/100|[from] item: Leftovers
|-heal|p1a: Machamp|58\/100|[from] item: Leftovers
|upkeep
|turn|23
|inactive|Googly has 90 seconds left.
|
|switch|p2a: Nidoking|Nidoking, M|97\/100
|-damage|p2a: Nidoking|85\/100|[from] Spikes
|move|p1a: Machamp|Light Screen|p1a: Machamp
|-sidestart|p1: Googly|move: Light Screen
|
|-heal|p2a: Nidoking|91\/100|[from] item: Leftovers
|-heal|p1a: Machamp|64\/100|[from] item: Leftovers
|upkeep
|turn|24
|
|switch|p1a: Zapdos|Zapdos|42\/100 psn
|-damage|p1a: Zapdos|30\/100 psn|[from] psn
|move|p2a: Nidoking|Earthquake|p1a: Zapdos
|-immune|p1a: Zapdos
|
|-heal|p1a: Zapdos|36\/100 psn|[from] item: Leftovers
|-heal|p2a: Nidoking|97\/100|[from] item: Leftovers
|upkeep
|turn|25
|
|move|p1a: Zapdos|Rest|p1a: Zapdos
|-status|p1a: Zapdos|slp
|-heal|p1a: Zapdos|100\/100 slp|[silent]
|-status|p1a: Zapdos|slp|[from] move: Rest
|move|p2a: Nidoking|Ice Beam|p1a: Zapdos
|-supereffective|p1a: Zapdos
|-damage|p1a: Zapdos|80\/100 slp
|
|-heal|p1a: Zapdos|86\/100 slp|[from] item: Leftovers
|-heal|p2a: Nidoking|100\/100|[from] item: Leftovers
|upkeep
|turn|26
|inactive|Googly has 60 seconds left.
|
|cant|p1a: Zapdos|slp
|move|p1a: Zapdos|Sleep Talk|p1a: Zapdos
|move|p1a: Zapdos|Thunder|p2a: Nidoking|[from]Sleep Talk
|-immune|p2a: Nidoking
|move|p2a: Nidoking|Ice Beam|p1a: Zapdos
|-supereffective|p1a: Zapdos
|-damage|p1a: Zapdos|66\/100 slp
|
|-heal|p1a: Zapdos|72\/100 slp|[from] item: Leftovers
|upkeep
|turn|27
|
|switch|p1a: Snorlax|Snorlax, M|87\/100
|-damage|p1a: Snorlax|75\/100|[from] Spikes
|move|p2a: Nidoking|Earthquake|p1a: Snorlax
|-damage|p1a: Snorlax|46\/100
|
|-heal|p1a: Snorlax|52\/100|[from] item: Leftovers
|-sideend|p1: Googly|move: Light Screen
|upkeep
|turn|28
|inactive|Googly has 60 seconds left.
|
|switch|p2a: Cloyster|Cloyster, M|94\/100
|-damage|p2a: Cloyster|82\/100|[from] Spikes
|move|p1a: Snorlax|Body Slam|p2a: Cloyster
|-damage|p2a: Cloyster|61\/100
|
|-heal|p2a: Cloyster|67\/100|[from] item: Leftovers
|-heal|p1a: Snorlax|58\/100|[from] item: Leftovers
|upkeep
|turn|29
|
|switch|p1a: Cloyster|Cloyster, M|94\/100 slp
|-damage|p1a: Cloyster|82\/100 slp|[from] Spikes
|move|p2a: Cloyster|Surf|p1a: Cloyster
|-resisted|p1a: Cloyster
|-damage|p1a: Cloyster|55\/100 slp
|
|-heal|p1a: Cloyster|61\/100 slp|[from] item: Leftovers
|-heal|p2a: Cloyster|73\/100|[from] item: Leftovers
|upkeep
|turn|30
|
|switch|p1a: Zapdos|Zapdos|72\/100 slp
|move|p2a: Cloyster|Explosion|p1a: Zapdos
|-damage|p1a: Zapdos|0 fnt
|faint|p2a: Cloyster
|faint|p1a: Zapdos
|inactive|Googly has 30 seconds left.
|inactive|Fear has 240 seconds left.
|
|switch|p1a: Steelix|Steelix, M|51\/100
|switch|p2a: Snorlax|Snorlax, M|67\/100
|-damage|p1a: Steelix|38\/100|[from] Spikes
|-damage|p2a: Snorlax|54\/100|[from] Spikes
|
|-heal|p1a: Steelix|45\/100|[from] item: Leftovers
|-heal|p2a: Snorlax|61\/100|[from] item: Leftovers
|upkeep
|turn|31
|inactive|Googly has 30 seconds left.
|
|switch|p2a: Zapdos|Zapdos|100\/100
|move|p1a: Steelix|Earthquake|p2a: Zapdos
|-immune|p2a: Zapdos
|
|-heal|p1a: Steelix|51\/100|[from] item: Leftovers
|upkeep
|turn|32
|inactive|Googly has 30 seconds left.
|inactive|Googly has 20 seconds left.
|
|move|p2a: Zapdos|Hidden Power|p1a: Steelix
|-damage|p1a: Steelix|26\/100
|move|p1a: Steelix|Curse|p1a: Steelix
|-unboost|p1a: Steelix|spe|1
|-boost|p1a: Steelix|atk|1
|-boost|p1a: Steelix|def|1
|
|-heal|p1a: Steelix|33\/100|[from] item: Leftovers
|upkeep
|turn|33
|inactive|Googly has 30 seconds left this turn.
|inactive|Googly has 20 seconds left.
|inactive|Fear has 240 seconds left.
|
|move|p2a: Zapdos|Hidden Power|p1a: Steelix
|-damage|p1a: Steelix|10\/100
|move|p1a: Steelix|Rock Slide|p2a: Zapdos
|-supereffective|p2a: Zapdos
|-damage|p2a: Zapdos|54\/100
|
|-heal|p2a: Zapdos|60\/100|[from] item: Leftovers
|-heal|p1a: Steelix|17\/100|[from] item: Leftovers
|upkeep
|turn|34
|inactive|Googly has 30 seconds left this turn.
|inactive|Googly has 20 seconds left.
|
|switch|p1a: Snorlax|Snorlax, M|58\/100
|-damage|p1a: Snorlax|45\/100|[from] Spikes
|move|p2a: Zapdos|Thunder|p1a: Snorlax|[miss]
|-miss|p2a: Zapdos
|
|-heal|p2a: Zapdos|66\/100|[from] item: Leftovers
|-heal|p1a: Snorlax|52\/100|[from] item: Leftovers
|upkeep
|turn|35
|inactive|Googly has 30 seconds left this turn.
|inactive|Googly has 20 seconds left.
|inactive|Googly has 15 seconds left.
|inactive|Googly has 10 seconds left.
|
|move|p2a: Zapdos|Thunder|p1a: Snorlax
|-crit|p1a: Snorlax
|-damage|p1a: Snorlax|0 fnt
|faint|p1a: Snorlax
|inactive|Googly has 20 seconds left this turn.
|inactive|Googly has 15 seconds left.
|
|switch|p1a: Machamp|Machamp, M|64\/100
|-damage|p1a: Machamp|52\/100|[from] Spikes
|
|-heal|p2a: Zapdos|72\/100|[from] item: Leftovers
|-heal|p1a: Machamp|58\/100|[from] item: Leftovers
|upkeep
|turn|36
|inactive|Googly has 25 seconds left this turn.
|inactive|Googly has 20 seconds left.
|
|switch|p2a: Nidoking|Nidoking, M|100\/100
|-damage|p2a: Nidoking|88\/100|[from] Spikes
|move|p1a: Machamp|Light Screen|p1a: Machamp
|-sidestart|p1: Googly|move: Light Screen
|
|-heal|p2a: Nidoking|94\/100|[from] item: Leftovers
|-heal|p1a: Machamp|64\/100|[from] item: Leftovers
|upkeep
|turn|37
|inactive|Googly has 30 seconds left this turn.
|inactive|Googly has 20 seconds left.
|
|switch|p1a: Steelix|Steelix, M|17\/100
|-damage|p1a: Steelix|4\/100|[from] Spikes
|move|p2a: Nidoking|Earthquake|p1a: Steelix
|-supereffective|p1a: Steelix
|-damage|p1a: Steelix|0 fnt
|faint|p1a: Steelix
|inactive|Googly has 30 seconds left this turn.
|
|switch|p1a: Espeon|Espeon, M|71\/100
|-damage|p1a: Espeon|59\/100|[from] Spikes
|
|-heal|p1a: Espeon|65\/100|[from] item: Leftovers
|-heal|p2a: Nidoking|99\/100|[from] item: Leftovers
|upkeep
|turn|38
|inactive|Googly has 30 seconds left.
|
|switch|p2a: Tyranitar|Tyranitar, M|49\/100
|-damage|p2a: Tyranitar|36\/100|[from] Spikes
|move|p1a: Espeon|Growth|p1a: Espeon
|-boost|p1a: Espeon|spa|1
|
|-heal|p1a: Espeon|71\/100|[from] item: Leftovers
|-heal|p2a: Tyranitar|42\/100|[from] item: Leftovers
|upkeep
|turn|39
|inactive|Googly has 30 seconds left.
|
|move|p1a: Espeon|Hidden Power|p2a: Tyranitar
|-supereffective|p2a: Tyranitar
|-damage|p2a: Tyranitar|0 fnt
|faint|p2a: Tyranitar
|
|switch|p2a: Snorlax|Snorlax, M|61\/100
|-damage|p2a: Snorlax|48\/100|[from] Spikes
|
|-heal|p1a: Espeon|77\/100|[from] item: Leftovers
|-heal|p2a: Snorlax|54\/100|[from] item: Leftovers
|upkeep
|turn|40
|
|move|p1a: Espeon|Psychic|p2a: Snorlax
|-damage|p2a: Snorlax|17\/100
|move|p2a: Snorlax|Self-Destruct|p1a: Espeon
|-crit|p1a: Espeon
|-damage|p1a: Espeon|0 fnt
|faint|p2a: Snorlax
|faint|p1a: Espeon
|
|switch|p1a: Machamp|Machamp, M|64\/100
|switch|p2a: Nidoking|Nidoking, M|99\/100
|-damage|p2a: Nidoking|88\/100|[from] Spikes
|-damage|p1a: Machamp|51\/100|[from] Spikes
|
|-heal|p2a: Nidoking|94\/100|[from] item: Leftovers
|-heal|p1a: Machamp|57\/100|[from] item: Leftovers
|-sideend|p1: Googly|move: Light Screen
|upkeep
|turn|41
|inactive|Googly has 60 seconds left.
|
|move|p2a: Nidoking|Earthquake|p1a: Machamp
|-damage|p1a: Machamp|26\/100
|move|p1a: Machamp|Curse|p1a: Machamp
|-unboost|p1a: Machamp|spe|1
|-boost|p1a: Machamp|atk|1
|-boost|p1a: Machamp|def|1
|
|-heal|p2a: Nidoking|99\/100|[from] item: Leftovers
|-heal|p1a: Machamp|32\/100|[from] item: Leftovers
|upkeep
|turn|42
|
|move|p2a: Nidoking|Earthquake|p1a: Machamp
|-damage|p1a: Machamp|8\/100
|move|p1a: Machamp|Cross Chop|p2a: Nidoking
|-resisted|p2a: Nidoking
|-damage|p2a: Nidoking|65\/100
|
|-heal|p2a: Nidoking|71\/100|[from] item: Leftovers
|-heal|p1a: Machamp|14\/100|[from] item: Leftovers
|upkeep
|turn|43
|c|☆Googly|gg
|
|move|p2a: Nidoking|Earthquake|p1a: Machamp
|-damage|p1a: Machamp|0 fnt
|faint|p1a: Machamp
|c|☆Fear|good game
|
|switch|p1a: Cloyster|Cloyster, M|61\/100 slp
|-damage|p1a: Cloyster|48\/100 slp|[from] Spikes
|
|-heal|p2a: Nidoking|77\/100|[from] item: Leftovers
|-heal|p1a: Cloyster|54\/100 slp|[from] item: Leftovers
|upkeep
|turn|44
|
|move|p2a: Nidoking|Thunder|p1a: Cloyster|[miss]
|-miss|p2a: Nidoking
|cant|p1a: Cloyster|slp
|
|-heal|p2a: Nidoking|83\/100|[from] item: Leftovers
|-heal|p1a: Cloyster|60\/100 slp|[from] item: Leftovers
|upkeep
|turn|45
|
|move|p2a: Nidoking|Thunder|p1a: Cloyster
|-supereffective|p1a: Cloyster
|-damage|p1a: Cloyster|0 fnt
|faint|p1a: Cloyster
|
|win|Fear
</script>
</div>
<div class="battle-log battle-log-inline"><div class="inner"><div class="battle-options"></div><div class="inner"><div class="chat message-error">Battle timer is ON: inactive players will automatically lose when time's up.</div><div class=""><small>Format:</small> <br><strong>[Gen 2] OU</strong></div><div class=""><small><em>Sleep Clause Mod:</em> Limit one foe put to sleep</small></div><div class=""><small><em>Freeze Clause Mod:</em> Limit one foe frozen</small></div><div class=""><small><em>Species Clause:</em> Limit one of each Pokémon</small></div><div class=""><small><em>OHKO Clause:</em> OHKO moves are banned</small></div><div class=""><small><em>Evasion Moves Clause:</em> Evasion moves are banned</small></div><div class=""><small><em>HP Percentage Mod:</em> HP is shown in percentages</small></div><div class="spacer battle-history"><br></div><div class="battle-history">Battle started between Googly and Fear!<br></div><div class="spacer battle-history"><br></div><div class="battle-history">Go! <strong>Zapdos</strong>!<br></div><div class="spacer battle-history"><br></div><div class="battle-history">Fear sent out <strong>Snorlax</strong>!<br></div><div class="spacer battle-history"><br></div><h2 class="battle-history">Turn 1</h2><div class="chat"><div class="broadcast-red"><strong>Moderated chat was set to ☆!</strong><br>Only users of rank ☆ and higher can talk.</div></div><div class="chat chatmessage-googly"><strong style="color:#546bde"><small>☆</small><span class="username" data-name="Googly">Googly</span>:</strong> <em>hf</em></div><div class="spacer battle-history"><br></div><div class="battle-history">Zapdos, come back!<br></div><div class="battle-history">Go! <strong>Steelix</strong>!<br></div><div class="spacer battle-history"><br></div><div class="battle-history">The opposing Snorlax used <strong>Double-Edge</strong>!<br></div><div class="battle-history"><small>It's not very effective...</small><br></div><div class="battle-history"><small>(Steelix lost 12% of its health!)</small><br></div><div class="battle-history"><small>The opposing Snorlax was damaged by the recoil!</small><br></div><div class="spacer battle-history"><br></div><div class="battle-history"><small>The opposing Snorlax restored a little HP using its Leftovers!</small><br></div><div class="battle-history"><small>Steelix restored a little HP using its Leftovers!</small><br></div><div class="spacer battle-history"><br></div><h2 class="battle-history">Turn 2</h2><div class="spacer battle-history"><br></div><div class="battle-history">Fear withdrew Snorlax!<br></div><div class="battle-history">Fear sent out <strong>Cloyster</strong>!<br></div><div class="spacer battle-history"><br></div><div class="battle-history">Steelix, come back!<br></div><div class="battle-history">Go! <strong>Zapdos</strong>!<br></div><div class="spacer battle-history"><br></div><h2 class="battle-history">Turn 3</h2><div class="spacer battle-history"><br></div><div class="battle-history">Zapdos, come back!<br></div><div class="battle-history">Go! <strong>Cloyster</strong>!<br></div><div class="spacer battle-history"><br></div><div class="battle-history">Fear withdrew Cloyster!<br></div><div class="battle-history">Fear sent out <strong>Snorlax</strong>!<br></div><div class="spacer battle-history"><br></div><h2 class="battle-history">Turn 4</h2><div class="spacer battle-history"><br></div><div class="battle-history">Fear withdrew Snorlax!<br></div><div class="battle-history">Fear sent out <strong>Cloyster</strong>!<br></div><div class="spacer battle-history"><br></div><div class="battle-history">Cloyster used <strong>Spikes</strong>!<br></div><div class="battle-history"><small>Spikes were scattered on the ground all around the opposing team!</small><br></div><div class="spacer battle-history"><br></div><h2 class="battle-history">Turn 5</h2><div class="chat message-error">Googly has 270 seconds left.</div><div class="spacer battle-history"><br></div><div class="battle-history">The opposing Cloyster used <strong>Spikes</strong>!<br></div><div class="battle-history"><small>Spikes were scattered on the ground all around your team!</small><br></div><div class="spacer battle-history"><br></div><div class="battle-history">Cloyster used <strong>Toxic</strong>!<br></div><div class="battle-history"><small>Cloyster's attack missed!</small><br></div><div class="spacer battle-history"><br></div><h2 class="battle-history">Turn 6</h2><div class="spacer battle-history"><br></div><div class="battle-history">Cloyster, come back!<br></div><div class="battle-history">Go! <strong>Zapdos</strong>!<br></div><div class="spacer battle-history"><br></div><div class="battle-history">The opposing Cloyster used <strong>Toxic</strong>!<br></div><div class="battle-history"><small>Zapdos was badly poisoned!</small><br></div><div class="spacer battle-history"><br></div><h2 class="battle-history">Turn 7</h2><div class="chat message-error">Googly has 270 seconds left.</div><div class="spacer battle-history"><br></div><div class="battle-history">Zapdos, come back!<br></div><div class="battle-history">Go! <strong>Machamp</strong>!<br></div><div class="battle-history"><small>Machamp was hurt by the spikes!</small><br></div><div class="spacer battle-history"><br></div><div class="battle-history">Fear withdrew Cloyster!<br></div><div class="battle-history">Fear sent out <strong>Nidoking</strong>!<br></div><div class="battle-history"><small>The opposing Nidoking was hurt by the spikes!</small><br></div><div class="spacer battle-history"><br></div><div class="battle-history"><small>The opposing Nidoking restored a little HP using its Leftovers!</small><br></div><div class="battle-history"><small>Machamp restored a little HP using its Leftovers!</small><br></div><div class="spacer battle-history"><br></div><h2 class="battle-history">Turn 8</h2><div class="chat message-error">Googly has 270 seconds left.</div><div class="chat message-error">Googly has 240 seconds left.</div><div class="spacer battle-history"><br></div><div class="battle-history">The opposing Nidoking used <strong>Ice Beam</strong>!<br></div><div class="battle-history"><small>(Machamp lost 20% of its health!)</small><br></div><div class="spacer battle-history"><br></div><div class="battle-history">Machamp used <strong>Light Screen</strong>!<br></div><div class="battle-history"><small>Light Screen made your team stronger against special moves!</small><br></div><div class="spacer battle-history"><br></div><div class="battle-history"><small>The opposing Nidoking restored a little HP using its Leftovers!</small><br></div><div class="battle-history"><small>Machamp restored a little HP using its Leftovers!</small><br></div><div class="spacer battle-history"><br></div><h2 class="battle-history">Turn 9</h2><div class="chat message-error">Googly has 210 seconds left.</div><div class="spacer battle-history"><br></div><div class="battle-history">Machamp, come back!<br></div><div class="battle-history">Go! <strong>Zapdos</strong>!<br></div><div class="battle-history"><small>Zapdos was poisoned!</small><br></div><div class="battle-history"><small>Zapdos was hurt by poison!</small><br></div><div class="spacer battle-history"><br></div><div class="battle-history">The opposing Nidoking used <strong>Lovely Kiss</strong>!<br></div><div class="battle-history"><small>But it failed!</small><br></div><div class="spacer battle-history"><br></div><div class="battle-history"><small>Zapdos restored a little HP using its Leftovers!</small><br></div><div class="battle-history"><small>The opposing Nidoking restored a little HP using its Leftovers!</small><br></div><div class="spacer battle-history"><br></div><h2 class="battle-history">Turn 10</h2><div class="chat message-error">Fear has 270 seconds left.</div><div class="spacer battle-history"><br></div><div class="battle-history">Zapdos used <strong>Thunder</strong>!<br></div><div class="battle-history"><small>It doesn't affect the opposing Nidoking...</small><br></div><div class="battle-history"><small>Zapdos was hurt by poison!</small><br></div><div class="spacer battle-history"><br></div><div class="battle-history">The opposing Nidoking used <strong>Earthquake</strong>!<br></div><div class="battle-history"><small>It doesn't affect Zapdos...</small><br></div><div class="spacer battle-history"><br></div><div class="battle-history"><small>Zapdos restored a little HP using its Leftovers!</small><br></div><div class="spacer battle-history"><br></div><h2 class="battle-history">Turn 11</h2><div class="spacer battle-history"><br></div><div class="battle-history">Fear withdrew Nidoking!<br></div><div class="battle-history">Fear sent out <strong>Snorlax</strong>!<br></div><div class="battle-history"><small>The opposing Snorlax was hurt by the spikes!</small><br></div><div class="spacer battle-history"><br></div><div class="battle-history">Zapdos used <strong>Hidden Power</strong>!<br></div><div class="battle-history"><small>(The opposing Snorlax lost 11% of its health!)</small><br></div><div class="battle-history"><small>Zapdos was hurt by poison!</small><br></div><div class="spacer battle-history"><br></div><div class="battle-history"><small>Zapdos restored a little HP using its Leftovers!</small><br></div><div class="battle-history"><small>The opposing Snorlax restored a little HP using its Leftovers!</small><br></div><div class="spacer battle-history"><br></div><h2 class="battle-history">Turn 12</h2><div class="spacer battle-history"><br></div><div class="battle-history">Zapdos, come back!<br></div><div class="battle-history">Go! <strong>Steelix</strong>!<br></div><div class="battle-history"><small>Steelix was hurt by the spikes!</small><br></div><div class="spacer battle-history"><br></div><div class="battle-history">The opposing Snorlax used <strong>Double-Edge</strong>!<br></div><div class="battle-history"><small>It's not very effective...</small><br></div><div class="battle-history"><small>(Steelix lost 14% of its health!)</small><br></div><div class="battle-history"><small>The opposing Snorlax was damaged by the recoil!</small><br></div><div class="spacer battle-history"><br></div><div class="battle-history"><small>The opposing Snorlax restored a little HP using its Leftovers!</small><br></div><div class="battle-history"><small>Steelix restored a little HP using its Leftovers!</small><br></div><div class="battle-history"><small>Your team's Light Screen wore off!</small><br></div><div class="spacer battle-history"><br></div><h2 class="battle-history">Turn 13</h2><div class="chat message-error">Fear has 270 seconds left.</div><div class="spacer battle-history"><br></div><div class="battle-history">Steelix used <strong>Earthquake</strong>!<br></div><div class="battle-history"><small>(The opposing Snorlax lost 26% of its health!)</small><br></div><div class="spacer battle-history"><br></div><div class="battle-history">The opposing Snorlax used <strong>Earthquake</strong>!<br></div><div class="battle-history"><small>It's super effective!</small><br></div><div class="battle-history"><small>(Steelix lost 30% of its health!)</small><br></div><div class="spacer battle-history"><br></div><div class="battle-history"><small>Steelix restored a little HP using its Leftovers!</small><br></div><div class="battle-history"><small>The opposing Snorlax restored a little HP using its Leftovers!</small><br></div><div class="spacer battle-history"><br></div><h2 class="battle-history">Turn 14</h2><div class="chat message-error">Googly has 180 seconds left.</div><div class="spacer battle-history"><br></div><div class="battle-history">Fear withdrew Snorlax!<br></div><div class="battle-history">Fear sent out <strong>Cloyster</strong>!<br></div><div class="battle-history"><small>The opposing Cloyster was hurt by the spikes!</small><br></div><div class="spacer battle-history"><br></div><div class="battle-history">Steelix, come back!<br></div><div class="battle-history">Go! <strong>Machamp</strong>!<br></div><div class="battle-history"><small>Machamp was hurt by the spikes!</small><br></div><div class="spacer battle-history"><br></div><div class="battle-history"><small>The opposing Cloyster restored a little HP using its Leftovers!</small><br></div><div class="battle-history"><small>Machamp restored a little HP using its Leftovers!</small><br></div><div class="spacer battle-history"><br></div><h2 class="battle-history">Turn 15</h2><div class="chat message-error">Fear has 270 seconds left.</div><div class="spacer battle-history"><br></div><div class="battle-history">Fear withdrew Cloyster!<br></div><div class="battle-history">Fear sent out <strong>Nidoking</strong>!<br></div><div class="battle-history"><small>The opposing Nidoking was hurt by the spikes!</small><br></div><div class="spacer battle-history"><br></div><div class="battle-history">Machamp used <strong>Cross Chop</strong>!<br></div><div class="battle-history"><small>It's not very effective...</small><br></div><div class="battle-history"><small>(The opposing Nidoking lost 21% of its health!)</small><br></div><div class="spacer battle-history"><br></div><div class="battle-history"><small>The opposing Nidoking restored a little HP using its Leftovers!</small><br></div><div class="battle-history"><small>Machamp restored a little HP using its Leftovers!</small><br></div><div class="spacer battle-history"><br></div><h2 class="battle-history">Turn 16</h2><div class="chat message-error">Googly has 150 seconds left.</div><div class="spacer battle-history"><br></div><div class="battle-history">Machamp, come back!<br></div><div class="battle-history">Go! <strong>Zapdos</strong>!<br></div><div class="battle-history"><small>Zapdos was hurt by poison!</small><br></div><div class="spacer battle-history"><br></div><div class="battle-history">The opposing Nidoking used <strong>Ice Beam</strong>!<br></div><div class="battle-history"><small>It's super effective!</small><br></div><div class="battle-history"><small>(Zapdos lost 39% of its health!)</small><br></div><div class="spacer battle-history"><br></div><div class="battle-history"><small>Zapdos restored a little HP using its Leftovers!</small><br></div><div class="battle-history"><small>The opposing Nidoking restored a little HP using its Leftovers!</small><br></div><div class="spacer battle-history"><br></div><h2 class="battle-history">Turn 17</h2><div class="chat message-error">Googly has 150 seconds left.</div><div class="spacer battle-history"><br></div><div class="battle-history">Zapdos, come back!<br></div><div class="battle-history">Go! <strong>Espeon</strong>!<br></div><div class="battle-history"><small>Espeon was hurt by the spikes!</small><br></div><div class="spacer battle-history"><br></div><div class="battle-history">The opposing Nidoking used <strong>Ice Beam</strong>!<br></div><div class="battle-history"><small>(Espeon lost 23% of its health!)</small><br></div><div class="spacer battle-history"><br></div><div class="battle-history"><small>Espeon restored a little HP using its Leftovers!</small><br></div><div class="battle-history"><small>The opposing Nidoking restored a little HP using its Leftovers!</small><br></div><div class="spacer battle-history"><br></div><h2 class="battle-history">Turn 18</h2><div class="chat message-error">Fear has 270 seconds left.</div><div class="spacer battle-history"><br></div><div class="battle-history">Espeon, come back!<br></div><div class="battle-history">Go! <strong>Cloyster</strong>!<br></div><div class="battle-history"><small>Cloyster was hurt by the spikes!</small><br></div><div class="spacer battle-history"><br></div><div class="battle-history">The opposing Nidoking used <strong>Lovely Kiss</strong>!<br></div><div class="battle-history"><small>Cloyster fell asleep!</small><br></div><div class="spacer battle-history"><br></div><div class="battle-history"><small>The opposing Nidoking restored a little HP using its Leftovers!</small><br></div><div class="battle-history"><small>Cloyster restored a little HP using its Leftovers!</small><br></div><div class="spacer battle-history"><br></div><h2 class="battle-history">Turn 19</h2><div class="chat message-error">Googly has 120 seconds left.</div><div class="spacer battle-history"><br></div><div class="battle-history">Cloyster, come back!<br></div><div class="battle-history">Go! <strong>Snorlax</strong>!<br></div><div class="battle-history"><small>Snorlax was hurt by the spikes!</small><br></div><div class="spacer battle-history"><br></div><div class="battle-history">The opposing Nidoking used <strong>Ice Beam</strong>!<br></div><div class="battle-history"><small>(Snorlax lost 13% of its health!)</small><br></div><div class="spacer battle-history"><br></div><div class="battle-history"><small>The opposing Nidoking restored a little HP using its Leftovers!</small><br></div><div class="battle-history"><small>Snorlax restored a little HP using its Leftovers!</small><br></div><div class="spacer battle-history"><br></div><h2 class="battle-history">Turn 20</h2><div class="chat message-error">Googly has 120 seconds left.</div><div class="spacer battle-history"><br></div><div class="battle-history">Fear withdrew Nidoking!<br></div><div class="battle-history">Fear sent out <strong>Tyranitar</strong>!<br></div><div class="battle-history"><small>The opposing Tyranitar was hurt by the spikes!</small><br></div><div class="spacer battle-history"><br></div><div class="battle-history">Snorlax used <strong>Curse</strong>!<br></div><div class="battle-history"><small>Snorlax's Speed fell!</small><br></div><div class="battle-history"><small>Snorlax's Attack rose!</small><br></div><div class="battle-history"><small>Snorlax's Defense rose!</small><br></div><div class="spacer battle-history"><br></div><div class="battle-history"><small>The opposing Tyranitar restored a little HP using its Leftovers!</small><br></div><div class="battle-history"><small>Snorlax restored a little HP using its Leftovers!</small><br></div><div class="spacer battle-history"><br></div><h2 class="battle-history">Turn 21</h2><div class="chat message-error">Googly has 120 seconds left.</div><div class="spacer battle-history"><br></div><div class="battle-history">Snorlax used <strong>Earthquake</strong>!<br></div><div class="battle-history"><small>It's super effective!</small><br></div><div class="battle-history"><small>(The opposing Tyranitar lost 58% of its health!)</small><br></div><div class="spacer battle-history"><br></div><div class="battle-history">The opposing Tyranitar used <strong>Roar</strong>!<br></div><div class="spacer battle-history"><br></div><div class="battle-history"><strong>Zapdos</strong> was dragged out!<br></div><div class="spacer battle-history"><br></div><div class="battle-history"><small>Zapdos restored a little HP using its Leftovers!</small><br></div><div class="battle-history"><small>The opposing Tyranitar restored a little HP using its Leftovers!</small><br></div><div class="spacer battle-history"><br></div><h2 class="battle-history">Turn 22</h2><div class="chat message-error">Googly has 120 seconds left.</div><div class="spacer battle-history"><br></div><div class="battle-history">Zapdos, come back!<br></div><div class="battle-history">Go! <strong>Machamp</strong>!<br></div><div class="battle-history"><small>Machamp was hurt by the spikes!</small><br></div><div class="spacer battle-history"><br></div><div class="battle-history">The opposing Tyranitar used <strong>Rock Slide</strong>!<br></div><div class="battle-history"><small>It's not very effective...</small><br></div><div class="battle-history"><small>(Machamp lost 15% of its health!)</small><br></div><div class="spacer battle-history"><br></div><div class="battle-history"><small>The opposing Tyranitar restored a little HP using its Leftovers!</small><br></div><div class="battle-history"><small>Machamp restored a little HP using its Leftovers!</small><br></div><div class="spacer battle-history"><br></div><h2 class="battle-history">Turn 23</h2><div class="chat message-error">Googly has 90 seconds left.</div><div class="spacer battle-history"><br></div><div class="battle-history">Fear withdrew Tyranitar!<br></div><div class="battle-history">Fear sent out <strong>Nidoking</strong>!<br></div><div class="battle-history"><small>The opposing Nidoking was hurt by the spikes!</small><br></div><div class="spacer battle-history"><br></div><div class="battle-history">Machamp used <strong>Light Screen</strong>!<br></div><div class="battle-history"><small>Light Screen made your team stronger against special moves!</small><br></div><div class="spacer battle-history"><br></div><div class="battle-history"><small>The opposing Nidoking restored a little HP using its Leftovers!</small><br></div><div class="battle-history"><small>Machamp restored a little HP using its Leftovers!</small><br></div><div class="spacer battle-history"><br></div><h2 class="battle-history">Turn 24</h2><div class="spacer battle-history"><br></div><div class="battle-history">Machamp, come back!<br></div><div class="battle-history">Go! <strong>Zapdos</strong>!<br></div><div class="battle-history"><small>Zapdos was hurt by poison!</small><br></div><div class="spacer battle-history"><br></div><div class="battle-history">The opposing Nidoking used <strong>Earthquake</strong>!<br></div><div class="battle-history"><small>It doesn't affect Zapdos...</small><br></div><div class="spacer battle-history"><br></div><div class="battle-history"><small>Zapdos restored a little HP using its Leftovers!</small><br></div><div class="battle-history"><small>The opposing Nidoking restored a little HP using its Leftovers!</small><br></div><div class="spacer battle-history"><br></div><h2 class="battle-history">Turn 25</h2><div class="spacer battle-history"><br></div><div class="battle-history">Zapdos used <strong>Rest</strong>!<br></div><div class="battle-history"><small>Zapdos fell asleep!</small><br></div><div class="battle-history"><small>Zapdos slept and became healthy!</small><br></div><div class="spacer battle-history"><br></div><div class="battle-history">The opposing Nidoking used <strong>Ice Beam</strong>!<br></div><div class="battle-history"><small>It's super effective!</small><br></div><div class="battle-history"><small>(Zapdos lost 20% of its health!)</small><br></div><div class="spacer battle-history"><br></div><div class="battle-history"><small>Zapdos restored a little HP using its Leftovers!</small><br></div><div class="battle-history"><small>The opposing Nidoking restored a little HP using its Leftovers!</small><br></div><div class="spacer battle-history"><br></div><h2 class="battle-history">Turn 26</h2><div class="chat message-error">Googly has 60 seconds left.</div><div class="spacer battle-history"><br></div><div class="battle-history">Zapdos is fast asleep.<br></div><div class="spacer battle-history"><br></div><div class="battle-history">Zapdos used <strong>Sleep Talk</strong>!<br></div><div class="spacer battle-history"><br></div><div class="battle-history">Zapdos used <strong>Thunder</strong>!<br></div><div class="battle-history"><small>It doesn't affect the opposing Nidoking...</small><br></div><div class="spacer battle-history"><br></div><div class="battle-history">The opposing Nidoking used <strong>Ice Beam</strong>!<br></div><div class="battle-history"><small>It's super effective!</small><br></div><div class="battle-history"><small>(Zapdos lost 20% of its health!)</small><br></div><div class="spacer battle-history"><br></div><div class="battle-history"><small>Zapdos restored a little HP using its Leftovers!</small><br></div><div class="spacer battle-history"><br></div><h2 class="battle-history">Turn 27</h2><div class="spacer battle-history"><br></div><div class="battle-history">Zapdos, come back!<br></div><div class="battle-history">Go! <strong>Snorlax</strong>!<br></div><div class="battle-history"><small>Snorlax was hurt by the spikes!</small><br></div><div class="spacer battle-history"><br></div><div class="battle-history">The opposing Nidoking used <strong>Earthquake</strong>!<br></div><div class="battle-history"><small>(Snorlax lost 29% of its health!)</small><br></div><div class="spacer battle-history"><br></div><div class="battle-history"><small>Snorlax restored a little HP using its Leftovers!</small><br></div><div class="battle-history"><small>Your team's Light Screen wore off!</small><br></div><div class="spacer battle-history"><br></div><h2 class="battle-history">Turn 28</h2><div class="chat message-error">Googly has 60 seconds left.</div><div class="spacer battle-history"><br></div><div class="battle-history">Fear withdrew Nidoking!<br></div><div class="battle-history">Fear sent out <strong>Cloyster</strong>!<br></div><div class="battle-history"><small>The opposing Cloyster was hurt by the spikes!</small><br></div><div class="spacer battle-history"><br></div><div class="battle-history">Snorlax used <strong>Body Slam</strong>!<br></div><div class="battle-history"><small>(The opposing Cloyster lost 21% of its health!)</small><br></div><div class="spacer battle-history"><br></div><div class="battle-history"><small>The opposing Cloyster restored a little HP using its Leftovers!</small><br></div><div class="battle-history"><small>Snorlax restored a little HP using its Leftovers!</small><br></div><div class="spacer battle-history"><br></div><h2 class="battle-history">Turn 29</h2><div class="spacer battle-history"><br></div><div class="battle-history">Snorlax, come back!<br></div><div class="battle-history">Go! <strong>Cloyster</strong>!<br></div><div class="battle-history"><small>Cloyster was hurt by the spikes!</small><br></div><div class="spacer battle-history"><br></div><div class="battle-history">The opposing Cloyster used <strong>Surf</strong>!<br></div><div class="battle-history"><small>It's not very effective...</small><br></div><div class="battle-history"><small>(Cloyster lost 27% of its health!)</small><br></div><div class="spacer battle-history"><br></div><div class="battle-history"><small>Cloyster restored a little HP using its Leftovers!</small><br></div><div class="battle-history"><small>The opposing Cloyster restored a little HP using its Leftovers!</small><br></div><div class="spacer battle-history"><br></div><h2 class="battle-history">Turn 30</h2><div class="spacer battle-history"><br></div><div class="battle-history">Cloyster, come back!<br></div><div class="battle-history">Go! <strong>Zapdos</strong>!<br></div><div class="spacer battle-history"><br></div><div class="battle-history">The opposing Cloyster used <strong>Explosion</strong>!<br></div><div class="battle-history"><small>(Zapdos lost 72% of its health!)</small><br></div><div class="spacer battle-history"><br></div><div class="battle-history">The opposing Cloyster fainted!<br></div><div class="battle-history">Zapdos fainted!<br></div><div class="chat message-error">Googly has 30 seconds left.</div><div class="chat message-error">Fear has 240 seconds left.</div><div class="spacer battle-history"><br></div><div class="battle-history">Go! <strong>Steelix</strong>!<br></div><div class="spacer battle-history"><br></div><div class="battle-history">Fear sent out <strong>Snorlax</strong>!<br></div><div class="battle-history"><small>Steelix was hurt by the spikes!</small><br></div><div class="battle-history"><small>The opposing Snorlax was hurt by the spikes!</small><br></div><div class="spacer battle-history"><br></div><div class="battle-history"><small>Steelix restored a little HP using its Leftovers!</small><br></div><div class="battle-history"><small>The opposing Snorlax restored a little HP using its Leftovers!</small><br></div><div class="spacer battle-history"><br></div><h2 class="battle-history">Turn 31</h2><div class="chat message-error">Googly has 30 seconds left.</div><div class="spacer battle-history"><br></div><div class="battle-history">Fear withdrew Snorlax!<br></div><div class="battle-history">Fear sent out <strong>Zapdos</strong>!<br></div><div class="spacer battle-history"><br></div><div class="battle-history">Steelix used <strong>Earthquake</strong>!<br></div><div class="battle-history"><small>It doesn't affect the opposing Zapdos...</small><br></div><div class="spacer battle-history"><br></div><div class="battle-history"><small>Steelix restored a little HP using its Leftovers!</small><br></div><div class="spacer battle-history"><br></div><h2 class="battle-history">Turn 32</h2><div class="chat message-error">Googly has 30 seconds left.</div><div class="chat message-error">Googly has 20 seconds left.</div><div class="spacer battle-history"><br></div><div class="battle-history">The opposing Zapdos used <strong>Hidden Power</strong>!<br></div><div class="battle-history"><small>(Steelix lost 25% of its health!)</small><br></div><div class="spacer battle-history"><br></div><div class="battle-history">Steelix used <strong>Curse</strong>!<br></div><div class="battle-history"><small>Steelix's Speed fell!</small><br></div><div class="battle-history"><small>Steelix's Attack rose!</small><br></div><div class="battle-history"><small>Steelix's Defense rose!</small><br></div><div class="spacer battle-history"><br></div><div class="battle-history"><small>Steelix restored a little HP using its Leftovers!</small><br></div><div class="spacer battle-history"><br></div><h2 class="battle-history">Turn 33</h2><div class="chat message-error">Googly has 30 seconds left this turn.</div><div class="chat message-error">Googly has 20 seconds left.</div><div class="chat message-error">Fear has 240 seconds left.</div><div class="spacer battle-history"><br></div><div class="battle-history">The opposing Zapdos used <strong>Hidden Power</strong>!<br></div><div class="battle-history"><small>(Steelix lost 23% of its health!)</small><br></div><div class="spacer battle-history"><br></div><div class="battle-history">Steelix used <strong>Rock Slide</strong>!<br></div><div class="battle-history"><small>It's super effective!</small><br></div><div class="battle-history"><small>(The opposing Zapdos lost 46% of its health!)</small><br></div><div class="spacer battle-history"><br></div><div class="battle-history"><small>The opposing Zapdos restored a little HP using its Leftovers!</small><br></div><div class="battle-history"><small>Steelix restored a little HP using its Leftovers!</small><br></div><div class="spacer battle-history"><br></div><h2 class="battle-history">Turn 34</h2><div class="chat message-error">Googly has 30 seconds left this turn.</div><div class="chat message-error">Googly has 20 seconds left.</div><div class="spacer battle-history"><br></div><div class="battle-history">Steelix, come back!<br></div><div class="battle-history">Go! <strong>Snorlax</strong>!<br></div><div class="battle-history"><small>Snorlax was hurt by the spikes!</small><br></div><div class="spacer battle-history"><br></div><div class="battle-history">The opposing Zapdos used <strong>Thunder</strong>!<br></div><div class="battle-history"><small>The opposing Zapdos's attack missed!</small><br></div><div class="spacer battle-history"><br></div><div class="battle-history"><small>The opposing Zapdos restored a little HP using its Leftovers!</small><br></div><div class="battle-history"><small>Snorlax restored a little HP using its Leftovers!</small><br></div><div class="spacer battle-history"><br></div><h2 class="battle-history">Turn 35</h2><div class="chat message-error">Googly has 30 seconds left this turn.</div><div class="chat message-error">Googly has 20 seconds left.</div><div class="chat message-error">Googly has 15 seconds left.</div><div class="chat message-error">Googly has 10 seconds left.</div><div class="spacer battle-history"><br></div><div class="battle-history">The opposing Zapdos used <strong>Thunder</strong>!<br></div><div class="battle-history"><small>A critical hit!</small><br></div><div class="battle-history"><small>(Snorlax lost 52% of its health!)</small><br></div><div class="spacer battle-history"><br></div><div class="battle-history">Snorlax fainted!<br></div><div class="chat message-error">Googly has 20 seconds left this turn.</div><div class="chat message-error">Googly has 15 seconds left.</div><div class="spacer battle-history"><br></div><div class="battle-history">Go! <strong>Machamp</strong>!<br></div><div class="battle-history"><small>Machamp was hurt by the spikes!</small><br></div><div class="spacer battle-history"><br></div><div class="battle-history"><small>The opposing Zapdos restored a little HP using its Leftovers!</small><br></div><div class="battle-history"><small>Machamp restored a little HP using its Leftovers!</small><br></div><div class="spacer battle-history"><br></div><h2 class="battle-history">Turn 36</h2><div class="chat message-error">Googly has 25 seconds left this turn.</div><div class="chat message-error">Googly has 20 seconds left.</div><div class="spacer battle-history"><br></div><div class="battle-history">Fear withdrew Zapdos!<br></div><div class="battle-history">Fear sent out <strong>Nidoking</strong>!<br></div><div class="battle-history"><small>The opposing Nidoking was hurt by the spikes!</small><br></div><div class="spacer battle-history"><br></div><div class="battle-history">Machamp used <strong>Light Screen</strong>!<br></div><div class="battle-history"><small>Light Screen made your team stronger against special moves!</small><br></div><div class="spacer battle-history"><br></div><div class="battle-history"><small>The opposing Nidoking restored a little HP using its Leftovers!</small><br></div><div class="battle-history"><small>Machamp restored a little HP using its Leftovers!</small><br></div><div class="spacer battle-history"><br></div><h2 class="battle-history">Turn 37</h2><div class="chat message-error">Googly has 30 seconds left this turn.</div><div class="chat message-error">Googly has 20 seconds left.</div><div class="spacer battle-history"><br></div><div class="battle-history">Machamp, come back!<br></div><div class="battle-history">Go! <strong>Steelix</strong>!<br></div><div class="battle-history"><small>Steelix was hurt by the spikes!</small><br></div><div class="spacer battle-history"><br></div><div class="battle-history">The opposing Nidoking used <strong>Earthquake</strong>!<br></div><div class="battle-history"><small>It's super effective!</small><br></div><div class="battle-history"><small>(Steelix lost 4% of its health!)</small><br></div><div class="spacer battle-history"><br></div><div class="battle-history">Steelix fainted!<br></div><div class="chat message-error">Googly has 30 seconds left this turn.</div><div class="spacer battle-history"><br></div><div class="battle-history">Go! <strong>Espeon</strong>!<br></div><div class="battle-history"><small>Espeon was hurt by the spikes!</small><br></div><div class="spacer battle-history"><br></div><div class="battle-history"><small>Espeon restored a little HP using its Leftovers!</small><br></div><div class="battle-history"><small>The opposing Nidoking restored a little HP using its Leftovers!</small><br></div><div class="spacer battle-history"><br></div><h2 class="battle-history">Turn 38</h2><div class="chat message-error">Googly has 30 seconds left.</div><div class="spacer battle-history"><br></div><div class="battle-history">Fear withdrew Nidoking!<br></div><div class="battle-history">Fear sent out <strong>Tyranitar</strong>!<br></div><div class="battle-history"><small>The opposing Tyranitar was hurt by the spikes!</small><br></div><div class="spacer battle-history"><br></div><div class="battle-history">Espeon used <strong>Growth</strong>!<br></div><div class="battle-history"><small>Espeon's Sp. Atk rose!</small><br></div><div class="spacer battle-history"><br></div><div class="battle-history"><small>Espeon restored a little HP using its Leftovers!</small><br></div><div class="battle-history"><small>The opposing Tyranitar restored a little HP using its Leftovers!</small><br></div><div class="spacer battle-history"><br></div><h2 class="battle-history">Turn 39</h2><div class="chat message-error">Googly has 30 seconds left.</div><div class="spacer battle-history"><br></div><div class="battle-history">Espeon used <strong>Hidden Power</strong>!<br></div><div class="battle-history"><small>It's super effective!</small><br></div><div class="battle-history"><small>(The opposing Tyranitar lost 42% of its health!)</small><br></div><div class="spacer battle-history"><br></div><div class="battle-history">The opposing Tyranitar fainted!<br></div><div class="spacer battle-history"><br></div><div class="battle-history">Fear sent out <strong>Snorlax</strong>!<br></div><div class="battle-history"><small>The opposing Snorlax was hurt by the spikes!</small><br></div><div class="spacer battle-history"><br></div><div class="battle-history"><small>Espeon restored a little HP using its Leftovers!</small><br></div><div class="battle-history"><small>The opposing Snorlax restored a little HP using its Leftovers!</small><br></div><div class="spacer battle-history"><br></div><h2 class="battle-history">Turn 40</h2><div class="spacer battle-history"><br></div><div class="battle-history">Espeon used <strong>Psychic</strong>!<br></div><div class="battle-history"><small>(The opposing Snorlax lost 37% of its health!)</small><br></div><div class="spacer battle-history"><br></div><div class="battle-history">The opposing Snorlax used <strong>Self-Destruct</strong>!<br></div><div class="battle-history"><small>A critical hit!</small><br></div><div class="battle-history"><small>(Espeon lost 77% of its health!)</small><br></div><div class="spacer battle-history"><br></div><div class="battle-history">The opposing Snorlax fainted!<br></div><div class="battle-history">Espeon fainted!<br></div><div class="spacer battle-history"><br></div><div class="battle-history">Go! <strong>Machamp</strong>!<br></div><div class="spacer battle-history"><br></div><div class="battle-history">Fear sent out <strong>Nidoking</strong>!<br></div><div class="battle-history"><small>The opposing Nidoking was hurt by the spikes!</small><br></div><div class="battle-history"><small>Machamp was hurt by the spikes!</small><br></div><div class="spacer battle-history"><br></div><div class="battle-history"><small>The opposing Nidoking restored a little HP using its Leftovers!</small><br></div><div class="battle-history"><small>Machamp restored a little HP using its Leftovers!</small><br></div><div class="battle-history"><small>Your team's Light Screen wore off!</small><br></div><div class="spacer battle-history"><br></div><h2 class="battle-history">Turn 41</h2><div class="chat message-error">Googly has 60 seconds left.</div><div class="spacer battle-history"><br></div><div class="battle-history">The opposing Nidoking used <strong>Earthquake</strong>!<br></div><div class="battle-history"><small>(Machamp lost 31% of its health!)</small><br></div><div class="spacer battle-history"><br></div><div class="battle-history">Machamp used <strong>Curse</strong>!<br></div><div class="battle-history"><small>Machamp's Speed fell!</small><br></div><div class="battle-history"><small>Machamp's Attack rose!</small><br></div><div class="battle-history"><small>Machamp's Defense rose!</small><br></div><div class="spacer battle-history"><br></div><div class="battle-history"><small>The opposing Nidoking restored a little HP using its Leftovers!</small><br></div><div class="battle-history"><small>Machamp restored a little HP using its Leftovers!</small><br></div><div class="spacer battle-history"><br></div><h2 class="battle-history">Turn 42</h2><div class="spacer battle-history"><br></div><div class="battle-history">The opposing Nidoking used <strong>Earthquake</strong>!<br></div><div class="battle-history"><small>(Machamp lost 24% of its health!)</small><br></div><div class="spacer battle-history"><br></div><div class="battle-history">Machamp used <strong>Cross Chop</strong>!<br></div><div class="battle-history"><small>It's not very effective...</small><br></div><div class="battle-history"><small>(The opposing Nidoking lost 34% of its health!)</small><br></div><div class="spacer battle-history"><br></div><div class="battle-history"><small>The opposing Nidoking restored a little HP using its Leftovers!</small><br></div><div class="battle-history"><small>Machamp restored a little HP using its Leftovers!</small><br></div><div class="spacer battle-history"><br></div><h2 class="battle-history">Turn 43</h2><div class="chat chatmessage-googly"><strong style="color:#546bde"><small>☆</small><span class="username" data-name="Googly">Googly</span>:</strong> <em>gg</em></div><div class="spacer battle-history"><br></div><div class="battle-history">The opposing Nidoking used <strong>Earthquake</strong>!<br></div><div class="battle-history"><small>(Machamp lost 14% of its health!)</small><br></div><div class="spacer battle-history"><br></div><div class="battle-history">Machamp fainted!<br></div><div class="chat chatmessage-fear"><strong style="color:#99960b"><small>☆</small><span class="username" data-name="Fear">Fear</span>:</strong> <em>good game</em></div><div class="spacer battle-history"><br></div><div class="battle-history">Go! <strong>Cloyster</strong>!<br></div><div class="battle-history"><small>Cloyster was hurt by the spikes!</small><br></div><div class="spacer battle-history"><br></div><div class="battle-history"><small>The opposing Nidoking restored a little HP using its Leftovers!</small><br></div><div class="battle-history"><small>Cloyster restored a little HP using its Leftovers!</small><br></div><div class="spacer battle-history"><br></div><h2 class="battle-history">Turn 44</h2><div class="spacer battle-history"><br></div><div class="battle-history">The opposing Nidoking used <strong>Thunder</strong>!<br></div><div class="battle-history"><small>The opposing Nidoking's attack missed!</small><br></div><div class="spacer battle-history"><br></div><div class="battle-history">Cloyster is fast asleep.<br></div><div class="spacer battle-history"><br></div><div class="battle-history"><small>The opposing Nidoking restored a little HP using its Leftovers!</small><br></div><div class="battle-history"><small>Cloyster restored a little HP using its Leftovers!</small><br></div><div class="spacer battle-history"><br></div><h2 class="battle-history">Turn 45</h2><div class="spacer battle-history"><br></div><div class="battle-history">The opposing Nidoking used <strong>Thunder</strong>!<br></div><div class="battle-history"><small>It's super effective!</small><br></div><div class="battle-history"><small>(Cloyster lost 60% of its health!)</small><br></div><div class="spacer battle-history"><br></div><div class="battle-history">Cloyster fainted!<br></div><div class="spacer battle-history"><br></div><div class="battle-history"><strong>Fear</strong> won the battle!<br></div></div><div class="inner-preempt"></div></div></div>
</div>
<script>
let daily = Math.floor(Date.now()/1000/60/60/24);document.write('<script src="https://play.pokemonshowdown.com/js/replay-embed.js?version'+daily+'"></'+'script>');
</script>
