<!DOCTYPE html>
<meta charset="utf-8" />
<!-- version 1 -->
<title>[Gen 2] OU replay: Fear vs. Earthworm</title>
<style>
html,body {font-family:Verdana, sans-serif;font-size:10pt;margin:0;padding:0;}body{padding:12px 0;} .battle-log {font-family:Verdana, sans-serif;font-size:10pt;} .battle-log-inline {border:1px solid #AAAAAA;background:#EEF2F5;color:black;max-width:640px;margin:0 auto 80px;padding-bottom:5px;} .battle-log .inner {padding:4px 8px 0px 8px;} .battle-log .inner-preempt {padding:0 8px 4px 8px;} .battle-log .inner-after {margin-top:0.5em;} .battle-log h2 {margin:0.5em -8px;padding:4px 8px;border:1px solid #AAAAAA;background:#E0E7EA;border-left:0;border-right:0;font-family:Verdana, sans-serif;font-size:13pt;} .battle-log .chat {vertical-align:middle;padding:3px 0 3px 0;font-size:8pt;} .battle-log .chat strong {color:#40576A;} .battle-log .chat em {padding:1px 4px 1px 3px;color:#000000;font-style:normal;} .chat.mine {background:rgba(0,0,0,0.05);margin-left:-8px;margin-right:-8px;padding-left:8px;padding-right:8px;} .spoiler {color:#BBBBBB;background:#BBBBBB;padding:0px 3px;} .spoiler:hover, .spoiler:active, .spoiler-shown {color:#000000;background:#E2E2E2;padding:0px 3px;} .spoiler a {color:#BBBBBB;} .spoiler:hover a, .spoiler:active a, .spoiler-shown a {color:#2288CC;} .chat code, .chat .spoiler:hover code, .chat .spoiler:active code, .chat .spoiler-shown code {border:1px solid #C0C0C0;background:#EEEEEE;color:black;padding:0 2px;} .chat .spoiler code {border:1px solid #CCCCCC;background:#CCCCCC;color:#CCCCCC;} .battle-log .rated {padding:3px 4px;} .battle-log .rated strong {color:white;background:#89A;padding:1px 4px;border-radius:4px;} .spacer {margin-top:0.5em;} .message-announce {background:#6688AA;color:white;padding:1px 4px 2px;} .message-announce a, .broadcast-green a, .broadcast-blue a, .broadcast-red a {color:#DDEEFF;} .broadcast-green {background-color:#559955;color:white;padding:2px 4px;} .broadcast-blue {background-color:#6688AA;color:white;padding:2px 4px;} .infobox {border:1px solid #6688AA;padding:2px 4px;} .infobox-limited {max-height:200px;overflow:auto;overflow-x:hidden;} .broadcast-red {background-color:#AA5544;color:white;padding:2px 4px;} .message-learn-canlearn {font-weight:bold;color:#228822;text-decoration:underline;} .message-learn-cannotlearn {font-weight:bold;color:#CC2222;text-decoration:underline;} .message-effect-weak {font-weight:bold;color:#CC2222;} .message-effect-resist {font-weight:bold;color:#6688AA;} .message-effect-immune {font-weight:bold;color:#666666;} .message-learn-list {margin-top:0;margin-bottom:0;} .message-throttle-notice, .message-error {color:#992222;} .message-overflow, .chat small.message-overflow {font-size:0pt;} .message-overflow::before {font-size:9pt;content:'...';} .subtle {color:#3A4A66;}
</style>
<div class="wrapper replay-wrapper" style="max-width:1180px;margin:0 auto">
<input type="hidden" name="replayid" value="smogtours-gen2ou-427212" />
<div class="battle"></div><div class="battle-log"></div><div class="replay-controls"></div><div class="replay-controls-2"></div>
<h1 style="font-weight:normal;text-align:center"><strong>[Gen 2] OU</strong><br /><a href="http://pokemonshowdown.com/users/fear" class="subtle" target="_blank">Fear</a> vs. <a href="http://pokemonshowdown.com/users/earthworm" class="subtle" target="_blank">Earthworm</a></h1>
<script type="text/plain" class="battle-log-data">|inactive|Battle timer is ON: inactive players will automatically lose when time's up.
|player|p1|Fear|#splxwolfpack
|player|p2|Earthworm|#splxclassiest
|teamsize|p1|6
|teamsize|p2|6
|gametype|singles
|gen|2
|tier|[Gen 2] OU
|rule|Sleep Clause Mod: Limit one foe put to sleep
|rule|Freeze Clause Mod: Limit one foe frozen
|rule|Species Clause: Limit one of each Pokémon
|rule|OHKO Clause: OHKO moves are banned
|rule|Evasion Moves Clause: Evasion moves are banned
|rule|HP Percentage Mod: HP is shown in percentages
|
|start
|switch|p1a: Zapdos|Zapdos|100\/100
|switch|p2a: Snorlax|Snorlax, M|100\/100
|turn|1
|c|+thelinearcurve|LGI WORMS
|c|+Charmflash|FEAR
|inactive|Fear has 270 seconds left.
|
|switch|p1a: Cloyster|Cloyster, M|100\/100
|move|p2a: Snorlax|Curse|p2a: Snorlax
|-unboost|p2a: Snorlax|spe|1
|-boost|p2a: Snorlax|atk|1
|-boost|p2a: Snorlax|def|1
|
|upkeep
|turn|2
|
|move|p1a: Cloyster|Spikes|p2a: Snorlax
|-sidestart|p2: Earthworm|Spikes
|move|p2a: Snorlax|Body Slam|p1a: Cloyster
|-damage|p1a: Cloyster|67\/100
|
|-heal|p1a: Cloyster|73\/100|[from] item: Leftovers
|upkeep
|turn|3
|
|move|p1a: Cloyster|Toxic|p2a: Snorlax
|-status|p2a: Snorlax|tox
|move|p2a: Snorlax|Body Slam|p1a: Cloyster
|-damage|p1a: Cloyster|37\/100
|-damage|p2a: Snorlax|94\/100 tox|[from] psn|[of] p1a: Cloyster
|
|-heal|p1a: Cloyster|43\/100|[from] item: Leftovers
|-heal|p2a: Snorlax|100\/100 tox|[from] item: Leftovers
|upkeep
|turn|4
|
|switch|p1a: Tyranitar|Tyranitar, M|100\/100
|move|p2a: Snorlax|Body Slam|p1a: Tyranitar
|-crit|p1a: Tyranitar
|-resisted|p1a: Tyranitar
|-damage|p1a: Tyranitar|65\/100
|-status|p1a: Tyranitar|par
|-damage|p2a: Snorlax|88\/100 tox|[from] psn|[of] p1a: Tyranitar
|
|-heal|p2a: Snorlax|94\/100 tox|[from] item: Leftovers
|-heal|p1a: Tyranitar|71\/100 par|[from] item: Leftovers
|upkeep
|turn|5
|raw|<div class="broadcast-red"><strong>Moderated chat was set to ☆!<\/strong><br \/>Only users of rank ☆ and higher can talk.<\/div>
|
|move|p2a: Snorlax|Body Slam|p1a: Tyranitar
|-resisted|p1a: Tyranitar
|-damage|p1a: Tyranitar|52\/100 par
|-damage|p2a: Snorlax|76\/100 tox|[from] psn|[of] p1a: Tyranitar
|move|p1a: Tyranitar|Roar|p2a: Snorlax
|drag|p2a: Cloyster|Cloyster, M|100\/100
|-damage|p2a: Cloyster|88\/100|[from] Spikes
|
|-heal|p2a: Cloyster|94\/100|[from] item: Leftovers
|-heal|p1a: Tyranitar|58\/100 par|[from] item: Leftovers
|upkeep
|turn|6
|
|move|p2a: Cloyster|Spikes|p1a: Tyranitar
|-sidestart|p1: Fear|Spikes
|move|p1a: Tyranitar|Rock Slide|p2a: Cloyster
|-supereffective|p2a: Cloyster
|-damage|p2a: Cloyster|48\/100
|
|-heal|p2a: Cloyster|54\/100|[from] item: Leftovers
|-heal|p1a: Tyranitar|64\/100 par|[from] item: Leftovers
|upkeep
|turn|7
|
|switch|p1a: Zapdos|Zapdos|100\/100
|move|p2a: Cloyster|Explosion|p1a: Zapdos
|-damage|p1a: Zapdos|0 fnt
|faint|p2a: Cloyster
|faint|p1a: Zapdos
|inactive|Fear has 270 seconds left.
|inactive|Earthworm has 270 seconds left.
|inactive|Earthworm has 240 seconds left.
|inactive|Earthworm has 210 seconds left.
|
|switch|p1a: Snorlax|Snorlax, M|100\/100
|switch|p2a: Machamp|Machamp, M|100\/100
|-damage|p2a: Machamp|88\/100|[from] Spikes
|-damage|p1a: Snorlax|88\/100|[from] Spikes
|
|-heal|p2a: Machamp|94\/100|[from] item: Leftovers
|-heal|p1a: Snorlax|94\/100|[from] item: Leftovers
|upkeep
|turn|8
|inactive|Earthworm has 180 seconds left.
|
|move|p2a: Machamp|Earthquake|p1a: Snorlax
|-damage|p1a: Snorlax|71\/100
|move|p1a: Snorlax|Lovely Kiss|p2a: Machamp
|-status|p2a: Machamp|slp
|
|-heal|p2a: Machamp|99\/100 slp|[from] item: Leftovers
|-heal|p1a: Snorlax|77\/100|[from] item: Leftovers
|upkeep
|turn|9
|
|switch|p2a: Zapdos|Zapdos|100\/100
|move|p1a: Snorlax|Double-Edge|p2a: Zapdos
|-crit|p2a: Zapdos
|-damage|p2a: Zapdos|14\/100
|-damage|p1a: Snorlax|61\/100|[from] Recoil|[of] p2a: Zapdos
|
|-heal|p2a: Zapdos|20\/100|[from] item: Leftovers
|-heal|p1a: Snorlax|67\/100|[from] item: Leftovers
|upkeep
|turn|10
|inactive|Fear has 240 seconds left.
|
|move|p2a: Zapdos|Rest|p2a: Zapdos
|-status|p2a: Zapdos|slp
|-heal|p2a: Zapdos|100\/100 slp|[silent]
|-status|p2a: Zapdos|slp|[from] move: Rest
|move|p1a: Snorlax|Double-Edge|p2a: Zapdos
|-damage|p2a: Zapdos|54\/100 slp
|-damage|p1a: Snorlax|59\/100|[from] Recoil|[of] p2a: Zapdos
|
|-heal|p2a: Zapdos|60\/100 slp|[from] item: Leftovers
|-heal|p1a: Snorlax|65\/100|[from] item: Leftovers
|upkeep
|turn|11
|
|switch|p2a: Rhydon|Rhydon, M|100\/100
|-damage|p2a: Rhydon|88\/100|[from] Spikes
|switch|p1a: Raikou|Raikou|100\/100
|-damage|p1a: Raikou|88\/100|[from] Spikes
|
|-heal|p1a: Raikou|94\/100|[from] item: Leftovers
|-heal|p2a: Rhydon|94\/100|[from] item: Leftovers
|upkeep
|turn|12
|inactive|Fear has 210 seconds left.
|inactive|Earthworm has 150 seconds left.
|inactive|Earthworm has 120 seconds left.
|inactive|Fear has 180 seconds left.
|inactive|Earthworm has 90 seconds left.
|inactive|Fear has 150 seconds left.
|
|switch|p1a: Tyranitar|Tyranitar, M|64\/100 par
|-damage|p1a: Tyranitar|52\/100 par|[from] Spikes
|move|p2a: Rhydon|Earthquake|p1a: Tyranitar
|-crit|p1a: Tyranitar
|-supereffective|p1a: Tyranitar
|-damage|p1a: Tyranitar|0 fnt
|faint|p1a: Tyranitar
|inactive|Fear has 150 seconds left.
|
|switch|p1a: Marowak|Marowak, M|100\/100
|-damage|p1a: Marowak|88\/100|[from] Spikes
|
|-heal|p2a: Rhydon|99\/100|[from] item: Leftovers
|upkeep
|turn|13
|inactive|Earthworm has 90 seconds left.
|inactive|Earthworm has 60 seconds left.
|
|switch|p2a: Zapdos|Zapdos|60\/100 slp
|move|p1a: Marowak|Earthquake|p2a: Zapdos
|-immune|p2a: Zapdos
|
|-heal|p2a: Zapdos|66\/100 slp|[from] item: Leftovers
|upkeep
|turn|14
|inactive|Earthworm has 30 seconds left.
|
|cant|p2a: Zapdos|slp
|move|p2a: Zapdos|Sleep Talk|p2a: Zapdos
|move|p2a: Zapdos|Rest|p2a: Zapdos|[from]Sleep Talk
|-heal|p2a: Zapdos|100\/100 slp|[silent]
|-status|p2a: Zapdos|slp|[from] move: Rest
|move|p1a: Marowak|Rock Slide|p2a: Zapdos|[miss]
|-miss|p1a: Marowak
|
|upkeep
|turn|15
|
|cant|p2a: Zapdos|slp
|move|p2a: Zapdos|Sleep Talk|p2a: Zapdos
|move|p2a: Zapdos|Thunder|p1a: Marowak|[from]Sleep Talk
|-immune|p1a: Marowak
|move|p1a: Marowak|Rock Slide|p2a: Zapdos
|-supereffective|p2a: Zapdos
|-damage|p2a: Zapdos|38\/100 slp
|
|-heal|p2a: Zapdos|44\/100 slp|[from] item: Leftovers
|upkeep
|turn|16
|inactive|Earthworm has 30 seconds left.
|inactive|Earthworm has 20 seconds left.
|
|cant|p2a: Zapdos|slp
|move|p2a: Zapdos|Sleep Talk|p2a: Zapdos
|move|p2a: Zapdos|Thunder|p1a: Marowak|[from]Sleep Talk
|-immune|p1a: Marowak
|move|p1a: Marowak|Rock Slide|p2a: Zapdos
|-supereffective|p2a: Zapdos
|-damage|p2a: Zapdos|0 fnt
|faint|p2a: Zapdos
|inactive|Earthworm has 30 seconds left this turn.
|
|switch|p2a: Jynx|Jynx, F|100\/100
|-damage|p2a: Jynx|88\/100|[from] Spikes
|
|-heal|p2a: Jynx|94\/100|[from] item: Leftovers
|upkeep
|turn|17
|inactive|Fear has 180 seconds left.
|inactive|Earthworm has 30 seconds left.
|
|switch|p1a: Raikou|Raikou|94\/100
|-damage|p1a: Raikou|82\/100|[from] Spikes
|move|p2a: Jynx|Ice Beam|p1a: Raikou
|-damage|p1a: Raikou|47\/100
|
|-heal|p1a: Raikou|54\/100|[from] item: Leftovers
|-heal|p2a: Jynx|99\/100|[from] item: Leftovers
|upkeep
|turn|18
|inactive|Earthworm has 30 seconds left.
|inactive|Fear has 150 seconds left.
|
|switch|p1a: Cloyster|Cloyster, M|43\/100
|-damage|p1a: Cloyster|31\/100|[from] Spikes
|switch|p2a: Snorlax|Snorlax, M|76\/100 tox
|-status|p2a: Snorlax|psn
|-damage|p2a: Snorlax|64\/100 psn|[from] Spikes
|-damage|p2a: Snorlax|51\/100 psn|[from] psn
|
|-heal|p1a: Cloyster|36\/100|[from] item: Leftovers
|-heal|p2a: Snorlax|57\/100 psn|[from] item: Leftovers
|upkeep
|turn|19
|inactive|Earthworm has 30 seconds left.
|inactive|Earthworm has 20 seconds left.
|
|move|p1a: Cloyster|Surf|p2a: Snorlax
|-damage|p2a: Snorlax|40\/100 psn
|move|p2a: Snorlax|Body Slam|p1a: Cloyster
|-damage|p1a: Cloyster|13\/100
|-status|p1a: Cloyster|par
|-damage|p2a: Snorlax|27\/100 psn|[from] psn|[of] p1a: Cloyster
|
|-heal|p2a: Snorlax|34\/100 psn|[from] item: Leftovers
|-heal|p1a: Cloyster|19\/100 par|[from] item: Leftovers
|upkeep
|turn|20
|inactive|Earthworm has 30 seconds left this turn.
|inactive|Earthworm has 20 seconds left.
|
|move|p2a: Snorlax|Body Slam|p1a: Cloyster
|-crit|p1a: Cloyster
|-damage|p1a: Cloyster|0 fnt
|faint|p1a: Cloyster
|inactive|Earthworm has 30 seconds left this turn.
|
|switch|p1a: Marowak|Marowak, M|88\/100
|-damage|p1a: Marowak|76\/100|[from] Spikes
|
|-heal|p2a: Snorlax|40\/100 psn|[from] item: Leftovers
|upkeep
|turn|21
|inactive|Earthworm has 30 seconds left.
|inactive|Earthworm has 20 seconds left.
|
|move|p1a: Marowak|Earthquake|p2a: Snorlax
|-damage|p2a: Snorlax|0 fnt
|faint|p2a: Snorlax
|inactive|Earthworm has 30 seconds left this turn.
|
|switch|p2a: Jynx|Jynx, F|99\/100
|-damage|p2a: Jynx|88\/100|[from] Spikes
|
|-heal|p2a: Jynx|94\/100|[from] item: Leftovers
|upkeep
|turn|22
|inactive|Earthworm has 30 seconds left.
|inactive|Fear has 180 seconds left.
|
|switch|p1a: Raikou|Raikou|54\/100
|-damage|p1a: Raikou|41\/100|[from] Spikes
|move|p2a: Jynx|Ice Beam|p1a: Raikou
|-damage|p1a: Raikou|10\/100
|
|-heal|p1a: Raikou|16\/100|[from] item: Leftovers
|-heal|p2a: Jynx|99\/100|[from] item: Leftovers
|upkeep
|turn|23
|inactive|Fear has 180 seconds left.
|inactive|Earthworm has 30 seconds left.
|
|switch|p2a: Rhydon|Rhydon, M|99\/100
|-damage|p2a: Rhydon|88\/100|[from] Spikes
|move|p1a: Raikou|Rest|p1a: Raikou
|-status|p1a: Raikou|slp
|-heal|p1a: Raikou|100\/100 slp|[silent]
|-status|p1a: Raikou|slp|[from] move: Rest
|
|-heal|p2a: Rhydon|94\/100|[from] item: Leftovers
|upkeep
|turn|24
|inactive|Earthworm has 30 seconds left.
|inactive|Earthworm has 20 seconds left.
|
|switch|p1a: Marowak|Marowak, M|76\/100
|-damage|p1a: Marowak|63\/100|[from] Spikes
|move|p2a: Rhydon|Earthquake|p1a: Marowak
|-damage|p1a: Marowak|19\/100
|
|-heal|p2a: Rhydon|99\/100|[from] item: Leftovers
|upkeep
|turn|25
|inactive|Earthworm has 30 seconds left this turn.
|inactive|Fear has 180 seconds left.
|
|switch|p2a: Machamp|Machamp, M|99\/100 slp
|-damage|p2a: Machamp|88\/100 slp|[from] Spikes
|move|p1a: Marowak|Earthquake|p2a: Machamp
|-damage|p2a: Machamp|23\/100 slp
|
|-heal|p2a: Machamp|29\/100 slp|[from] item: Leftovers
|upkeep
|turn|26
|
|cant|p2a: Machamp|slp
|move|p1a: Marowak|Earthquake|p2a: Machamp
|-damage|p2a: Machamp|0 fnt
|faint|p2a: Machamp
|
|switch|p2a: Jynx|Jynx, F|99\/100
|-damage|p2a: Jynx|88\/100|[from] Spikes
|
|-heal|p2a: Jynx|94\/100|[from] item: Leftovers
|upkeep
|turn|27
|
|switch|p1a: Raikou|Raikou|100\/100 slp
|-damage|p1a: Raikou|88\/100 slp|[from] Spikes
|move|p2a: Jynx|Ice Beam|p1a: Raikou
|-damage|p1a: Raikou|56\/100 slp
|
|-heal|p1a: Raikou|62\/100 slp|[from] item: Leftovers
|-heal|p2a: Jynx|99\/100|[from] item: Leftovers
|upkeep
|turn|28
|
|cant|p1a: Raikou|slp
|move|p1a: Raikou|Sleep Talk|p1a: Raikou
|move|p1a: Raikou|Hidden Power|p2a: Jynx|[from]Sleep Talk
|-resisted|p2a: Jynx
|-damage|p2a: Jynx|91\/100
|move|p2a: Jynx|Psychic|p1a: Raikou
|-damage|p1a: Raikou|31\/100 slp
|
|-heal|p1a: Raikou|37\/100 slp|[from] item: Leftovers
|-heal|p2a: Jynx|97\/100|[from] item: Leftovers
|upkeep
|turn|29
|
|cant|p1a: Raikou|slp
|move|p1a: Raikou|Sleep Talk|p1a: Raikou
|move|p1a: Raikou|Rest|p1a: Raikou|[from]Sleep Talk
|-heal|p1a: Raikou|100\/100 slp|[silent]
|-status|p1a: Raikou|slp|[from] move: Rest
|move|p2a: Jynx|Psychic|p1a: Raikou
|-damage|p1a: Raikou|70\/100 slp
|
|-heal|p1a: Raikou|76\/100 slp|[from] item: Leftovers
|-heal|p2a: Jynx|100\/100|[from] item: Leftovers
|upkeep
|turn|30
|inactive|Earthworm has 30 seconds left.
|inactive|Earthworm has 20 seconds left.
|
|cant|p1a: Raikou|slp
|move|p1a: Raikou|Sleep Talk|p1a: Raikou
|move|p1a: Raikou|Rest|p1a: Raikou|[from]Sleep Talk
|-heal|p1a: Raikou|100\/100 slp|[silent]
|-status|p1a: Raikou|slp|[from] move: Rest
|move|p2a: Jynx|Psychic|p1a: Raikou
|-damage|p1a: Raikou|71\/100 slp
|
|-heal|p1a: Raikou|77\/100 slp|[from] item: Leftovers
|upkeep
|turn|31
|inactive|Earthworm has 30 seconds left this turn.
|inactive|Earthworm has 20 seconds left.
|inactive|Earthworm has 15 seconds left.
|
|switch|p2a: Rhydon|Rhydon, M|99\/100
|-damage|p2a: Rhydon|88\/100|[from] Spikes
|cant|p1a: Raikou|slp
|move|p1a: Raikou|Sleep Talk|p1a: Raikou
|move|p1a: Raikou|Thunder|p2a: Rhydon|[from]Sleep Talk
|-immune|p2a: Rhydon
|
|-heal|p1a: Raikou|83\/100 slp|[from] item: Leftovers
|-heal|p2a: Rhydon|94\/100|[from] item: Leftovers
|upkeep
|turn|32
|inactive|Earthworm has 25 seconds left this turn.
|inactive|Earthworm has 20 seconds left.
|inactive|Fear has 210 seconds left.
|inactive|Fear has 180 seconds left.
|
|switch|p1a: Marowak|Marowak, M|19\/100
|-damage|p1a: Marowak|6\/100|[from] Spikes
|move|p2a: Rhydon|Earthquake|p1a: Marowak
|-damage|p1a: Marowak|0 fnt
|faint|p1a: Marowak
|inactive|Earthworm has 30 seconds left this turn.
|
|switch|p1a: Snorlax|Snorlax, M|65\/100
|-damage|p1a: Snorlax|53\/100|[from] Spikes
|
|-heal|p2a: Rhydon|99\/100|[from] item: Leftovers
|-heal|p1a: Snorlax|59\/100|[from] item: Leftovers
|upkeep
|turn|33
|inactive|Earthworm has 30 seconds left.
|
|switch|p2a: Jynx|Jynx, F|100\/100
|-damage|p2a: Jynx|88\/100|[from] Spikes
|move|p1a: Snorlax|Lovely Kiss|p2a: Jynx
|-status|p2a: Jynx|slp
|
|-heal|p2a: Jynx|94\/100 slp|[from] item: Leftovers
|-heal|p1a: Snorlax|65\/100|[from] item: Leftovers
|upkeep
|turn|34
|
|switch|p2a: Rhydon|Rhydon, M|99\/100
|-damage|p2a: Rhydon|87\/100|[from] Spikes
|move|p1a: Snorlax|Earthquake|p2a: Rhydon
|-supereffective|p2a: Rhydon
|-damage|p2a: Rhydon|51\/100
|
|-heal|p2a: Rhydon|57\/100|[from] item: Leftovers
|-heal|p1a: Snorlax|71\/100|[from] item: Leftovers
|upkeep
|turn|35
|inactive|Earthworm has 30 seconds left.
|inactive|Earthworm has 20 seconds left.
|
|move|p2a: Rhydon|Rock Slide|p1a: Snorlax
|-damage|p1a: Snorlax|44\/100
|move|p1a: Snorlax|Earthquake|p2a: Rhydon
|-supereffective|p2a: Rhydon
|-damage|p2a: Rhydon|22\/100
|
|-heal|p2a: Rhydon|28\/100|[from] item: Leftovers
|-heal|p1a: Snorlax|50\/100|[from] item: Leftovers
|upkeep
|turn|36
|inactive|Earthworm has 30 seconds left this turn.
|
|move|p2a: Rhydon|Rock Slide|p1a: Snorlax
|-damage|p1a: Snorlax|25\/100
|move|p1a: Snorlax|Earthquake|p2a: Rhydon
|-supereffective|p2a: Rhydon
|-damage|p2a: Rhydon|0 fnt
|faint|p2a: Rhydon
|
|switch|p2a: Jynx|Jynx, F|94\/100 slp
|-damage|p2a: Jynx|82\/100 slp|[from] Spikes
|
|-heal|p2a: Jynx|88\/100 slp|[from] item: Leftovers
|-heal|p1a: Snorlax|31\/100|[from] item: Leftovers
|upkeep
|turn|37
|
|cant|p2a: Jynx|slp
|move|p1a: Snorlax|Self-Destruct|p2a: Jynx
|-damage|p2a: Jynx|0 fnt
|faint|p1a: Snorlax
|faint|p2a: Jynx
|
|win|Fear
|c|☆Fear|gg
|c|☆Earthworm|gg
</script>
</div>
<div class="battle-log battle-log-inline"><div class="inner"><div class="battle-options"></div><div class="inner"><div class="chat message-error">Battle timer is ON: inactive players will automatically lose when time's up.</div><div class=""><small>Format:</small> <br><strong>[Gen 2] OU</strong></div><div class=""><small><em>Sleep Clause Mod:</em> Limit one foe put to sleep</small></div><div class=""><small><em>Freeze Clause Mod:</em> Limit one foe frozen</small></div><div class=""><small><em>Species Clause:</em> Limit one of each Pokémon</small></div><div class=""><small><em>OHKO Clause:</em> OHKO moves are banned</small></div><div class=""><small><em>Evasion Moves Clause:</em> Evasion moves are banned</small></div><div class=""><small><em>HP Percentage Mod:</em> HP is shown in percentages</small></div><div class="spacer battle-history"><br></div><div class="battle-history">Battle started between Fear and Earthworm!<br></div><div class="spacer battle-history"><br></div><div class="battle-history">Go! <strong>Zapdos</strong>!<br></div><div class="spacer battle-history"><br></div><div class="battle-history">Earthworm sent out <strong>Snorlax</strong>!<br></div><div class="spacer battle-history"><br></div><h2 class="battle-history">Turn 1</h2><div class="chat chatmessage-thelinearcurve"><strong style="color:#c38d21"><small>+</small><span class="username" data-name="thelinearcurve">thelinearcurve</span>:</strong> <em>LGI WORMS</em></div><div class="chat chatmessage-charmflash"><strong style="color:#376bbe"><small>+</small><span class="username" data-name="Charmflash">Charmflash</span>:</strong> <em>FEAR</em></div><div class="chat message-error">Fear has 270 seconds left.</div><div class="spacer battle-history"><br></div><div class="battle-history">Zapdos, come back!<br></div><div class="battle-history">Go! <strong>Cloyster</strong>!<br></div><div class="spacer battle-history"><br></div><div class="battle-history">The opposing Snorlax used <strong>Curse</strong>!<br></div><div class="battle-history"><small>The opposing Snorlax's Speed fell!</small><br></div><div class="battle-history"><small>The opposing Snorlax's Attack rose!</small><br></div><div class="battle-history"><small>The opposing Snorlax's Defense rose!</small><br></div><div class="spacer battle-history"><br></div><h2 class="battle-history">Turn 2</h2><div class="spacer battle-history"><br></div><div class="battle-history">Cloyster used <strong>Spikes</strong>!<br></div><div class="battle-history"><small>Spikes were scattered on the ground all around the opposing team!</small><br></div><div class="spacer battle-history"><br></div><div class="battle-history">The opposing Snorlax used <strong>Body Slam</strong>!<br></div><div class="battle-history"><small>(Cloyster lost 33% of its health!)</small><br></div><div class="spacer battle-history"><br></div><div class="battle-history"><small>Cloyster restored a little HP using its Leftovers!</small><br></div><div class="spacer battle-history"><br></div><h2 class="battle-history">Turn 3</h2><div class="spacer battle-history"><br></div><div class="battle-history">Cloyster used <strong>Toxic</strong>!<br></div><div class="battle-history"><small>The opposing Snorlax was badly poisoned!</small><br></div><div class="spacer battle-history"><br></div><div class="battle-history">The opposing Snorlax used <strong>Body Slam</strong>!<br></div><div class="battle-history"><small>(Cloyster lost 36% of its health!)</small><br></div><div class="battle-history"><small>The opposing Snorlax was hurt by poison!</small><br></div><div class="spacer battle-history"><br></div><div class="battle-history"><small>Cloyster restored a little HP using its Leftovers!</small><br></div><div class="battle-history"><small>The opposing Snorlax restored a little HP using its Leftovers!</small><br></div><div class="spacer battle-history"><br></div><h2 class="battle-history">Turn 4</h2><div class="spacer battle-history"><br></div><div class="battle-history">Cloyster, come back!<br></div><div class="battle-history">Go! <strong>Tyranitar</strong>!<br></div><div class="spacer battle-history"><br></div><div class="battle-history">The opposing Snorlax used <strong>Body Slam</strong>!<br></div><div class="battle-history"><small>A critical hit!</small><br></div><div class="battle-history"><small>It's not very effective...</small><br></div><div class="battle-history"><small>(Tyranitar lost 35% of its health!)</small><br></div><div class="battle-history"><small>Tyranitar is paralyzed! It may be unable to move!</small><br></div><div class="battle-history"><small>The opposing Snorlax was hurt by poison!</small><br></div><div class="spacer battle-history"><br></div><div class="battle-history"><small>The opposing Snorlax restored a little HP using its Leftovers!</small><br></div><div class="battle-history"><small>Tyranitar restored a little HP using its Leftovers!</small><br></div><div class="spacer battle-history"><br></div><h2 class="battle-history">Turn 5</h2><div class="chat"><div class="broadcast-red"><strong>Moderated chat was set to ☆!</strong><br>Only users of rank ☆ and higher can talk.</div></div><div class="spacer battle-history"><br></div><div class="battle-history">The opposing Snorlax used <strong>Body Slam</strong>!<br></div><div class="battle-history"><small>It's not very effective...</small><br></div><div class="battle-history"><small>(Tyranitar lost 19% of its health!)</small><br></div><div class="battle-history"><small>The opposing Snorlax was hurt by poison!</small><br></div><div class="spacer battle-history"><br></div><div class="battle-history">Tyranitar used <strong>Roar</strong>!<br></div><div class="spacer battle-history"><br></div><div class="battle-history"><strong>Cloyster</strong> was dragged out!<br></div><div class="battle-history"><small>The opposing Cloyster was hurt by the spikes!</small><br></div><div class="spacer battle-history"><br></div><div class="battle-history"><small>The opposing Cloyster restored a little HP using its Leftovers!</small><br></div><div class="battle-history"><small>Tyranitar restored a little HP using its Leftovers!</small><br></div><div class="spacer battle-history"><br></div><h2 class="battle-history">Turn 6</h2><div class="spacer battle-history"><br></div><div class="battle-history">The opposing Cloyster used <strong>Spikes</strong>!<br></div><div class="battle-history"><small>Spikes were scattered on the ground all around your team!</small><br></div><div class="spacer battle-history"><br></div><div class="battle-history">Tyranitar used <strong>Rock Slide</strong>!<br></div><div class="battle-history"><small>It's super effective!</small><br></div><div class="battle-history"><small>(The opposing Cloyster lost 46% of its health!)</small><br></div><div class="spacer battle-history"><br></div><div class="battle-history"><small>The opposing Cloyster restored a little HP using its Leftovers!</small><br></div><div class="battle-history"><small>Tyranitar restored a little HP using its Leftovers!</small><br></div><div class="spacer battle-history"><br></div><h2 class="battle-history">Turn 7</h2><div class="spacer battle-history"><br></div><div class="battle-history">Tyranitar, come back!<br></div><div class="battle-history">Go! <strong>Zapdos</strong>!<br></div><div class="spacer battle-history"><br></div><div class="battle-history">The opposing Cloyster used <strong>Explosion</strong>!<br></div><div class="battle-history"><small>(Zapdos lost 100% of its health!)</small><br></div><div class="spacer battle-history"><br></div><div class="battle-history">The opposing Cloyster fainted!<br></div><div class="battle-history">Zapdos fainted!<br></div><div class="chat message-error">Fear has 270 seconds left.</div><div class="chat message-error">Earthworm has 270 seconds left.</div><div class="chat message-error">Earthworm has 240 seconds left.</div><div class="chat message-error">Earthworm has 210 seconds left.</div><div class="spacer battle-history"><br></div><div class="battle-history">Go! <strong>Snorlax</strong>!<br></div><div class="spacer battle-history"><br></div><div class="battle-history">Earthworm sent out <strong>Machamp</strong>!<br></div><div class="battle-history"><small>The opposing Machamp was hurt by the spikes!</small><br></div><div class="battle-history"><small>Snorlax was hurt by the spikes!</small><br></div><div class="spacer battle-history"><br></div><div class="battle-history"><small>The opposing Machamp restored a little HP using its Leftovers!</small><br></div><div class="battle-history"><small>Snorlax restored a little HP using its Leftovers!</small><br></div><div class="spacer battle-history"><br></div><h2 class="battle-history">Turn 8</h2><div class="chat message-error">Earthworm has 180 seconds left.</div><div class="spacer battle-history"><br></div><div class="battle-history">The opposing Machamp used <strong>Earthquake</strong>!<br></div><div class="battle-history"><small>(Snorlax lost 23% of its health!)</small><br></div><div class="spacer battle-history"><br></div><div class="battle-history">Snorlax used <strong>Lovely Kiss</strong>!<br></div><div class="battle-history"><small>The opposing Machamp fell asleep!</small><br></div><div class="spacer battle-history"><br></div><div class="battle-history"><small>The opposing Machamp restored a little HP using its Leftovers!</small><br></div><div class="battle-history"><small>Snorlax restored a little HP using its Leftovers!</small><br></div><div class="spacer battle-history"><br></div><h2 class="battle-history">Turn 9</h2><div class="spacer battle-history"><br></div><div class="battle-history">Earthworm withdrew Machamp!<br></div><div class="battle-history">Earthworm sent out <strong>Zapdos</strong>!<br></div><div class="spacer battle-history"><br></div><div class="battle-history">Snorlax used <strong>Double-Edge</strong>!<br></div><div class="battle-history"><small>A critical hit!</small><br></div><div class="battle-history"><small>(The opposing Zapdos lost 86% of its health!)</small><br></div><div class="battle-history"><small>Snorlax was damaged by the recoil!</small><br></div><div class="spacer battle-history"><br></div><div class="battle-history"><small>The opposing Zapdos restored a little HP using its Leftovers!</small><br></div><div class="battle-history"><small>Snorlax restored a little HP using its Leftovers!</small><br></div><div class="spacer battle-history"><br></div><h2 class="battle-history">Turn 10</h2><div class="chat message-error">Fear has 240 seconds left.</div><div class="spacer battle-history"><br></div><div class="battle-history">The opposing Zapdos used <strong>Rest</strong>!<br></div><div class="battle-history"><small>The opposing Zapdos fell asleep!</small><br></div><div class="battle-history"><small>The opposing Zapdos slept and became healthy!</small><br></div><div class="spacer battle-history"><br></div><div class="battle-history">Snorlax used <strong>Double-Edge</strong>!<br></div><div class="battle-history"><small>(The opposing Zapdos lost 46% of its health!)</small><br></div><div class="battle-history"><small>Snorlax was damaged by the recoil!</small><br></div><div class="spacer battle-history"><br></div><div class="battle-history"><small>The opposing Zapdos restored a little HP using its Leftovers!</small><br></div><div class="battle-history"><small>Snorlax restored a little HP using its Leftovers!</small><br></div><div class="spacer battle-history"><br></div><h2 class="battle-history">Turn 11</h2><div class="spacer battle-history"><br></div><div class="battle-history">Earthworm withdrew Zapdos!<br></div><div class="battle-history">Earthworm sent out <strong>Rhydon</strong>!<br></div><div class="battle-history"><small>The opposing Rhydon was hurt by the spikes!</small><br></div><div class="spacer battle-history"><br></div><div class="battle-history">Snorlax, come back!<br></div><div class="battle-history">Go! <strong>Raikou</strong>!<br></div><div class="battle-history"><small>Raikou was hurt by the spikes!</small><br></div><div class="spacer battle-history"><br></div><div class="battle-history"><small>Raikou restored a little HP using its Leftovers!</small><br></div><div class="battle-history"><small>The opposing Rhydon restored a little HP using its Leftovers!</small><br></div><div class="spacer battle-history"><br></div><h2 class="battle-history">Turn 12</h2><div class="chat message-error">Fear has 210 seconds left.</div><div class="chat message-error">Earthworm has 150 seconds left.</div><div class="chat message-error">Earthworm has 120 seconds left.</div><div class="chat message-error">Fear has 180 seconds left.</div><div class="chat message-error">Earthworm has 90 seconds left.</div><div class="chat message-error">Fear has 150 seconds left.</div><div class="spacer battle-history"><br></div><div class="battle-history">Raikou, come back!<br></div><div class="battle-history">Go! <strong>Tyranitar</strong>!<br></div><div class="battle-history"><small>Tyranitar was hurt by the spikes!</small><br></div><div class="spacer battle-history"><br></div><div class="battle-history">The opposing Rhydon used <strong>Earthquake</strong>!<br></div><div class="battle-history"><small>A critical hit!</small><br></div><div class="battle-history"><small>It's super effective!</small><br></div><div class="battle-history"><small>(Tyranitar lost 52% of its health!)</small><br></div><div class="spacer battle-history"><br></div><div class="battle-history">Tyranitar fainted!<br></div><div class="chat message-error">Fear has 150 seconds left.</div><div class="spacer battle-history"><br></div><div class="battle-history">Go! <strong>Marowak</strong>!<br></div><div class="battle-history"><small>Marowak was hurt by the spikes!</small><br></div><div class="spacer battle-history"><br></div><div class="battle-history"><small>The opposing Rhydon restored a little HP using its Leftovers!</small><br></div><div class="spacer battle-history"><br></div><h2 class="battle-history">Turn 13</h2><div class="chat message-error">Earthworm has 90 seconds left.</div><div class="chat message-error">Earthworm has 60 seconds left.</div><div class="spacer battle-history"><br></div><div class="battle-history">Earthworm withdrew Rhydon!<br></div><div class="battle-history">Earthworm sent out <strong>Zapdos</strong>!<br></div><div class="spacer battle-history"><br></div><div class="battle-history">Marowak used <strong>Earthquake</strong>!<br></div><div class="battle-history"><small>It doesn't affect the opposing Zapdos...</small><br></div><div class="spacer battle-history"><br></div><div class="battle-history"><small>The opposing Zapdos restored a little HP using its Leftovers!</small><br></div><div class="spacer battle-history"><br></div><h2 class="battle-history">Turn 14</h2><div class="chat message-error">Earthworm has 30 seconds left.</div><div class="spacer battle-history"><br></div><div class="battle-history">The opposing Zapdos is fast asleep.<br></div><div class="spacer battle-history"><br></div><div class="battle-history">The opposing Zapdos used <strong>Sleep Talk</strong>!<br></div><div class="spacer battle-history"><br></div><div class="battle-history">The opposing Zapdos used <strong>Rest</strong>!<br></div><div class="battle-history"><small>The opposing Zapdos slept and became healthy!</small><br></div><div class="spacer battle-history"><br></div><div class="battle-history">Marowak used <strong>Rock Slide</strong>!<br></div><div class="battle-history"><small>Marowak's attack missed!</small><br></div><div class="spacer battle-history"><br></div><h2 class="battle-history">Turn 15</h2><div class="spacer battle-history"><br></div><div class="battle-history">The opposing Zapdos is fast asleep.<br></div><div class="spacer battle-history"><br></div><div class="battle-history">The opposing Zapdos used <strong>Sleep Talk</strong>!<br></div><div class="spacer battle-history"><br></div><div class="battle-history">The opposing Zapdos used <strong>Thunder</strong>!<br></div><div class="battle-history"><small>It doesn't affect Marowak...</small><br></div><div class="spacer battle-history"><br></div><div class="battle-history">Marowak used <strong>Rock Slide</strong>!<br></div><div class="battle-history"><small>It's super effective!</small><br></div><div class="battle-history"><small>(The opposing Zapdos lost 62% of its health!)</small><br></div><div class="spacer battle-history"><br></div><div class="battle-history"><small>The opposing Zapdos restored a little HP using its Leftovers!</small><br></div><div class="spacer battle-history"><br></div><h2 class="battle-history">Turn 16</h2><div class="chat message-error">Earthworm has 30 seconds left.</div><div class="chat message-error">Earthworm has 20 seconds left.</div><div class="spacer battle-history"><br></div><div class="battle-history">The opposing Zapdos is fast asleep.<br></div><div class="spacer battle-history"><br></div><div class="battle-history">The opposing Zapdos used <strong>Sleep Talk</strong>!<br></div><div class="spacer battle-history"><br></div><div class="battle-history">The opposing Zapdos used <strong>Thunder</strong>!<br></div><div class="battle-history"><small>It doesn't affect Marowak...</small><br></div><div class="spacer battle-history"><br></div><div class="battle-history">Marowak used <strong>Rock Slide</strong>!<br></div><div class="battle-history"><small>It's super effective!</small><br></div><div class="battle-history"><small>(The opposing Zapdos lost 44% of its health!)</small><br></div><div class="spacer battle-history"><br></div><div class="battle-history">The opposing Zapdos fainted!<br></div><div class="chat message-error">Earthworm has 30 seconds left this turn.</div><div class="spacer battle-history"><br></div><div class="battle-history">Earthworm sent out <strong>Jynx</strong>!<br></div><div class="battle-history"><small>The opposing Jynx was hurt by the spikes!</small><br></div><div class="spacer battle-history"><br></div><div class="battle-history"><small>The opposing Jynx restored a little HP using its Leftovers!</small><br></div><div class="spacer battle-history"><br></div><h2 class="battle-history">Turn 17</h2><div class="chat message-error">Fear has 180 seconds left.</div><div class="chat message-error">Earthworm has 30 seconds left.</div><div class="spacer battle-history"><br></div><div class="battle-history">Marowak, come back!<br></div><div class="battle-history">Go! <strong>Raikou</strong>!<br></div><div class="battle-history"><small>Raikou was hurt by the spikes!</small><br></div><div class="spacer battle-history"><br></div><div class="battle-history">The opposing Jynx used <strong>Ice Beam</strong>!<br></div><div class="battle-history"><small>(Raikou lost 35% of its health!)</small><br></div><div class="spacer battle-history"><br></div><div class="battle-history"><small>Raikou restored a little HP using its Leftovers!</small><br></div><div class="battle-history"><small>The opposing Jynx restored a little HP using its Leftovers!</small><br></div><div class="spacer battle-history"><br></div><h2 class="battle-history">Turn 18</h2><div class="chat message-error">Earthworm has 30 seconds left.</div><div class="chat message-error">Fear has 150 seconds left.</div><div class="spacer battle-history"><br></div><div class="battle-history">Raikou, come back!<br></div><div class="battle-history">Go! <strong>Cloyster</strong>!<br></div><div class="battle-history"><small>Cloyster was hurt by the spikes!</small><br></div><div class="spacer battle-history"><br></div><div class="battle-history">Earthworm withdrew Jynx!<br></div><div class="battle-history">Earthworm sent out <strong>Snorlax</strong>!<br></div><div class="battle-history"><small>The opposing Snorlax was poisoned!</small><br></div><div class="battle-history"><small>The opposing Snorlax was hurt by the spikes!</small><br></div><div class="battle-history"><small>The opposing Snorlax was hurt by poison!</small><br></div><div class="spacer battle-history"><br></div><div class="battle-history"><small>Cloyster restored a little HP using its Leftovers!</small><br></div><div class="battle-history"><small>The opposing Snorlax restored a little HP using its Leftovers!</small><br></div><div class="spacer battle-history"><br></div><h2 class="battle-history">Turn 19</h2><div class="chat message-error">Earthworm has 30 seconds left.</div><div class="chat message-error">Earthworm has 20 seconds left.</div><div class="spacer battle-history"><br></div><div class="battle-history">Cloyster used <strong>Surf</strong>!<br></div><div class="battle-history"><small>(The opposing Snorlax lost 17% of its health!)</small><br></div><div class="spacer battle-history"><br></div><div class="battle-history">The opposing Snorlax used <strong>Body Slam</strong>!<br></div><div class="battle-history"><small>(Cloyster lost 23% of its health!)</small><br></div><div class="battle-history"><small>Cloyster is paralyzed! It may be unable to move!</small><br></div><div class="battle-history"><small>The opposing Snorlax was hurt by poison!</small><br></div><div class="spacer battle-history"><br></div><div class="battle-history"><small>The opposing Snorlax restored a little HP using its Leftovers!</small><br></div><div class="battle-history"><small>Cloyster restored a little HP using its Leftovers!</small><br></div><div class="spacer battle-history"><br></div><h2 class="battle-history">Turn 20</h2><div class="chat message-error">Earthworm has 30 seconds left this turn.</div><div class="chat message-error">Earthworm has 20 seconds left.</div><div class="spacer battle-history"><br></div><div class="battle-history">The opposing Snorlax used <strong>Body Slam</strong>!<br></div><div class="battle-history"><small>A critical hit!</small><br></div><div class="battle-history"><small>(Cloyster lost 19% of its health!)</small><br></div><div class="spacer battle-history"><br></div><div class="battle-history">Cloyster fainted!<br></div><div class="chat message-error">Earthworm has 30 seconds left this turn.</div><div class="spacer battle-history"><br></div><div class="battle-history">Go! <strong>Marowak</strong>!<br></div><div class="battle-history"><small>Marowak was hurt by the spikes!</small><br></div><div class="spacer battle-history"><br></div><div class="battle-history"><small>The opposing Snorlax restored a little HP using its Leftovers!</small><br></div><div class="spacer battle-history"><br></div><h2 class="battle-history">Turn 21</h2><div class="chat message-error">Earthworm has 30 seconds left.</div><div class="chat message-error">Earthworm has 20 seconds left.</div><div class="spacer battle-history"><br></div><div class="battle-history">Marowak used <strong>Earthquake</strong>!<br></div><div class="battle-history"><small>(The opposing Snorlax lost 40% of its health!)</small><br></div><div class="spacer battle-history"><br></div><div class="battle-history">The opposing Snorlax fainted!<br></div><div class="chat message-error">Earthworm has 30 seconds left this turn.</div><div class="spacer battle-history"><br></div><div class="battle-history">Earthworm sent out <strong>Jynx</strong>!<br></div><div class="battle-history"><small>The opposing Jynx was hurt by the spikes!</small><br></div><div class="spacer battle-history"><br></div><div class="battle-history"><small>The opposing Jynx restored a little HP using its Leftovers!</small><br></div><div class="spacer battle-history"><br></div><h2 class="battle-history">Turn 22</h2><div class="chat message-error">Earthworm has 30 seconds left.</div><div class="chat message-error">Fear has 180 seconds left.</div><div class="spacer battle-history"><br></div><div class="battle-history">Marowak, come back!<br></div><div class="battle-history">Go! <strong>Raikou</strong>!<br></div><div class="battle-history"><small>Raikou was hurt by the spikes!</small><br></div><div class="spacer battle-history"><br></div><div class="battle-history">The opposing Jynx used <strong>Ice Beam</strong>!<br></div><div class="battle-history"><small>(Raikou lost 31% of its health!)</small><br></div><div class="spacer battle-history"><br></div><div class="battle-history"><small>Raikou restored a little HP using its Leftovers!</small><br></div><div class="battle-history"><small>The opposing Jynx restored a little HP using its Leftovers!</small><br></div><div class="spacer battle-history"><br></div><h2 class="battle-history">Turn 23</h2><div class="chat message-error">Fear has 180 seconds left.</div><div class="chat message-error">Earthworm has 30 seconds left.</div><div class="spacer battle-history"><br></div><div class="battle-history">Earthworm withdrew Jynx!<br></div><div class="battle-history">Earthworm sent out <strong>Rhydon</strong>!<br></div><div class="battle-history"><small>The opposing Rhydon was hurt by the spikes!</small><br></div><div class="spacer battle-history"><br></div><div class="battle-history">Raikou used <strong>Rest</strong>!<br></div><div class="battle-history"><small>Raikou fell asleep!</small><br></div><div class="battle-history"><small>Raikou slept and became healthy!</small><br></div><div class="spacer battle-history"><br></div><div class="battle-history"><small>The opposing Rhydon restored a little HP using its Leftovers!</small><br></div><div class="spacer battle-history"><br></div><h2 class="battle-history">Turn 24</h2><div class="chat message-error">Earthworm has 30 seconds left.</div><div class="chat message-error">Earthworm has 20 seconds left.</div><div class="spacer battle-history"><br></div><div class="battle-history">Raikou, come back!<br></div><div class="battle-history">Go! <strong>Marowak</strong>!<br></div><div class="battle-history"><small>Marowak was hurt by the spikes!</small><br></div><div class="spacer battle-history"><br></div><div class="battle-history">The opposing Rhydon used <strong>Earthquake</strong>!<br></div><div class="battle-history"><small>(Marowak lost 44% of its health!)</small><br></div><div class="spacer battle-history"><br></div><div class="battle-history"><small>The opposing Rhydon restored a little HP using its Leftovers!</small><br></div><div class="spacer battle-history"><br></div><h2 class="battle-history">Turn 25</h2><div class="chat message-error">Earthworm has 30 seconds left this turn.</div><div class="chat message-error">Fear has 180 seconds left.</div><div class="spacer battle-history"><br></div><div class="battle-history">Earthworm withdrew Rhydon!<br></div><div class="battle-history">Earthworm sent out <strong>Machamp</strong>!<br></div><div class="battle-history"><small>The opposing Machamp was hurt by the spikes!</small><br></div><div class="spacer battle-history"><br></div><div class="battle-history">Marowak used <strong>Earthquake</strong>!<br></div><div class="battle-history"><small>(The opposing Machamp lost 65% of its health!)</small><br></div><div class="spacer battle-history"><br></div><div class="battle-history"><small>The opposing Machamp restored a little HP using its Leftovers!</small><br></div><div class="spacer battle-history"><br></div><h2 class="battle-history">Turn 26</h2><div class="spacer battle-history"><br></div><div class="battle-history">The opposing Machamp is fast asleep.<br></div><div class="spacer battle-history"><br></div><div class="battle-history">Marowak used <strong>Earthquake</strong>!<br></div><div class="battle-history"><small>(The opposing Machamp lost 29% of its health!)</small><br></div><div class="spacer battle-history"><br></div><div class="battle-history">The opposing Machamp fainted!<br></div><div class="spacer battle-history"><br></div><div class="battle-history">Earthworm sent out <strong>Jynx</strong>!<br></div><div class="battle-history"><small>The opposing Jynx was hurt by the spikes!</small><br></div><div class="spacer battle-history"><br></div><div class="battle-history"><small>The opposing Jynx restored a little HP using its Leftovers!</small><br></div><div class="spacer battle-history"><br></div><h2 class="battle-history">Turn 27</h2><div class="spacer battle-history"><br></div><div class="battle-history">Marowak, come back!<br></div><div class="battle-history">Go! <strong>Raikou</strong>!<br></div><div class="battle-history"><small>Raikou was hurt by the spikes!</small><br></div><div class="spacer battle-history"><br></div><div class="battle-history">The opposing Jynx used <strong>Ice Beam</strong>!<br></div><div class="battle-history"><small>(Raikou lost 32% of its health!)</small><br></div><div class="spacer battle-history"><br></div><div class="battle-history"><small>Raikou restored a little HP using its Leftovers!</small><br></div><div class="battle-history"><small>The opposing Jynx restored a little HP using its Leftovers!</small><br></div><div class="spacer battle-history"><br></div><h2 class="battle-history">Turn 28</h2><div class="spacer battle-history"><br></div><div class="battle-history">Raikou is fast asleep.<br></div><div class="spacer battle-history"><br></div><div class="battle-history">Raikou used <strong>Sleep Talk</strong>!<br></div><div class="spacer battle-history"><br></div><div class="battle-history">Raikou used <strong>Hidden Power</strong>!<br></div><div class="battle-history"><small>It's not very effective...</small><br></div><div class="battle-history"><small>(The opposing Jynx lost 8% of its health!)</small><br></div><div class="spacer battle-history"><br></div><div class="battle-history">The opposing Jynx used <strong>Psychic</strong>!<br></div><div class="battle-history"><small>(Raikou lost 31% of its health!)</small><br></div><div class="spacer battle-history"><br></div><div class="battle-history"><small>Raikou restored a little HP using its Leftovers!</small><br></div><div class="battle-history"><small>The opposing Jynx restored a little HP using its Leftovers!</small><br></div><div class="spacer battle-history"><br></div><h2 class="battle-history">Turn 29</h2><div class="spacer battle-history"><br></div><div class="battle-history">Raikou is fast asleep.<br></div><div class="spacer battle-history"><br></div><div class="battle-history">Raikou used <strong>Sleep Talk</strong>!<br></div><div class="spacer battle-history"><br></div><div class="battle-history">Raikou used <strong>Rest</strong>!<br></div><div class="battle-history"><small>Raikou slept and became healthy!</small><br></div><div class="spacer battle-history"><br></div><div class="battle-history">The opposing Jynx used <strong>Psychic</strong>!<br></div><div class="battle-history"><small>(Raikou lost 30% of its health!)</small><br></div><div class="spacer battle-history"><br></div><div class="battle-history"><small>Raikou restored a little HP using its Leftovers!</small><br></div><div class="battle-history"><small>The opposing Jynx restored a little HP using its Leftovers!</small><br></div><div class="spacer battle-history"><br></div><h2 class="battle-history">Turn 30</h2><div class="chat message-error">Earthworm has 30 seconds left.</div><div class="chat message-error">Earthworm has 20 seconds left.</div><div class="spacer battle-history"><br></div><div class="battle-history">Raikou is fast asleep.<br></div><div class="spacer battle-history"><br></div><div class="battle-history">Raikou used <strong>Sleep Talk</strong>!<br></div><div class="spacer battle-history"><br></div><div class="battle-history">Raikou used <strong>Rest</strong>!<br></div><div class="battle-history"><small>Raikou slept and became healthy!</small><br></div><div class="spacer battle-history"><br></div><div class="battle-history">The opposing Jynx used <strong>Psychic</strong>!<br></div><div class="battle-history"><small>(Raikou lost 29% of its health!)</small><br></div><div class="spacer battle-history"><br></div><div class="battle-history"><small>Raikou restored a little HP using its Leftovers!</small><br></div><div class="spacer battle-history"><br></div><h2 class="battle-history">Turn 31</h2><div class="chat message-error">Earthworm has 30 seconds left this turn.</div><div class="chat message-error">Earthworm has 20 seconds left.</div><div class="chat message-error">Earthworm has 15 seconds left.</div><div class="spacer battle-history"><br></div><div class="battle-history">Earthworm withdrew Jynx!<br></div><div class="battle-history">Earthworm sent out <strong>Rhydon</strong>!<br></div><div class="battle-history"><small>The opposing Rhydon was hurt by the spikes!</small><br></div><div class="spacer battle-history"><br></div><div class="battle-history">Raikou is fast asleep.<br></div><div class="spacer battle-history"><br></div><div class="battle-history">Raikou used <strong>Sleep Talk</strong>!<br></div><div class="spacer battle-history"><br></div><div class="battle-history">Raikou used <strong>Thunder</strong>!<br></div><div class="battle-history"><small>It doesn't affect the opposing Rhydon...</small><br></div><div class="spacer battle-history"><br></div><div class="battle-history"><small>Raikou restored a little HP using its Leftovers!</small><br></div><div class="battle-history"><small>The opposing Rhydon restored a little HP using its Leftovers!</small><br></div><div class="spacer battle-history"><br></div><h2 class="battle-history">Turn 32</h2><div class="chat message-error">Earthworm has 25 seconds left this turn.</div><div class="chat message-error">Earthworm has 20 seconds left.</div><div class="chat message-error">Fear has 210 seconds left.</div><div class="chat message-error">Fear has 180 seconds left.</div><div class="spacer battle-history"><br></div><div class="battle-history">Raikou, come back!<br></div><div class="battle-history">Go! <strong>Marowak</strong>!<br></div><div class="battle-history"><small>Marowak was hurt by the spikes!</small><br></div><div class="spacer battle-history"><br></div><div class="battle-history">The opposing Rhydon used <strong>Earthquake</strong>!<br></div><div class="battle-history"><small>(Marowak lost 6% of its health!)</small><br></div><div class="spacer battle-history"><br></div><div class="battle-history">Marowak fainted!<br></div><div class="chat message-error">Earthworm has 30 seconds left this turn.</div><div class="spacer battle-history"><br></div><div class="battle-history">Go! <strong>Snorlax</strong>!<br></div><div class="battle-history"><small>Snorlax was hurt by the spikes!</small><br></div><div class="spacer battle-history"><br></div><div class="battle-history"><small>The opposing Rhydon restored a little HP using its Leftovers!</small><br></div><div class="battle-history"><small>Snorlax restored a little HP using its Leftovers!</small><br></div><div class="spacer battle-history"><br></div><h2 class="battle-history">Turn 33</h2><div class="chat message-error">Earthworm has 30 seconds left.</div><div class="spacer battle-history"><br></div><div class="battle-history">Earthworm withdrew Rhydon!<br></div><div class="battle-history">Earthworm sent out <strong>Jynx</strong>!<br></div><div class="battle-history"><small>The opposing Jynx was hurt by the spikes!</small><br></div><div class="spacer battle-history"><br></div><div class="battle-history">Snorlax used <strong>Lovely Kiss</strong>!<br></div><div class="battle-history"><small>The opposing Jynx fell asleep!</small><br></div><div class="spacer battle-history"><br></div><div class="battle-history"><small>The opposing Jynx restored a little HP using its Leftovers!</small><br></div><div class="battle-history"><small>Snorlax restored a little HP using its Leftovers!</small><br></div><div class="spacer battle-history"><br></div><h2 class="battle-history">Turn 34</h2><div class="spacer battle-history"><br></div><div class="battle-history">Earthworm withdrew Jynx!<br></div><div class="battle-history">Earthworm sent out <strong>Rhydon</strong>!<br></div><div class="battle-history"><small>The opposing Rhydon was hurt by the spikes!</small><br></div><div class="spacer battle-history"><br></div><div class="battle-history">Snorlax used <strong>Earthquake</strong>!<br></div><div class="battle-history"><small>It's super effective!</small><br></div><div class="battle-history"><small>(The opposing Rhydon lost 36% of its health!)</small><br></div><div class="spacer battle-history"><br></div><div class="battle-history"><small>The opposing Rhydon restored a little HP using its Leftovers!</small><br></div><div class="battle-history"><small>Snorlax restored a little HP using its Leftovers!</small><br></div><div class="spacer battle-history"><br></div><h2 class="battle-history">Turn 35</h2><div class="chat message-error">Earthworm has 30 seconds left.</div><div class="chat message-error">Earthworm has 20 seconds left.</div><div class="spacer battle-history"><br></div><div class="battle-history">The opposing Rhydon used <strong>Rock Slide</strong>!<br></div><div class="battle-history"><small>(Snorlax lost 27% of its health!)</small><br></div><div class="spacer battle-history"><br></div><div class="battle-history">Snorlax used <strong>Earthquake</strong>!<br></div><div class="battle-history"><small>It's super effective!</small><br></div><div class="battle-history"><small>(The opposing Rhydon lost 35% of its health!)</small><br></div><div class="spacer battle-history"><br></div><div class="battle-history"><small>The opposing Rhydon restored a little HP using its Leftovers!</small><br></div><div class="battle-history"><small>Snorlax restored a little HP using its Leftovers!</small><br></div><div class="spacer battle-history"><br></div><h2 class="battle-history">Turn 36</h2><div class="chat message-error">Earthworm has 30 seconds left this turn.</div><div class="spacer battle-history"><br></div><div class="battle-history">The opposing Rhydon used <strong>Rock Slide</strong>!<br></div><div class="battle-history"><small>(Snorlax lost 25% of its health!)</small><br></div><div class="spacer battle-history"><br></div><div class="battle-history">Snorlax used <strong>Earthquake</strong>!<br></div><div class="battle-history"><small>It's super effective!</small><br></div><div class="battle-history"><small>(The opposing Rhydon lost 28% of its health!)</small><br></div><div class="spacer battle-history"><br></div><div class="battle-history">The opposing Rhydon fainted!<br></div><div class="spacer battle-history"><br></div><div class="battle-history">Earthworm sent out <strong>Jynx</strong>!<br></div><div class="battle-history"><small>The opposing Jynx was hurt by the spikes!</small><br></div><div class="spacer battle-history"><br></div><div class="battle-history"><small>The opposing Jynx restored a little HP using its Leftovers!</small><br></div><div class="battle-history"><small>Snorlax restored a little HP using its Leftovers!</small><br></div><div class="spacer battle-history"><br></div><h2 class="battle-history">Turn 37</h2><div class="spacer battle-history"><br></div><div class="battle-history">The opposing Jynx is fast asleep.<br></div><div class="spacer battle-history"><br></div><div class="battle-history">Snorlax used <strong>Self-Destruct</strong>!<br></div><div class="battle-history"><small>(The opposing Jynx lost 88% of its health!)</small><br></div><div class="spacer battle-history"><br></div><div class="battle-history">Snorlax fainted!<br></div><div class="battle-history">The opposing Jynx fainted!<br></div><div class="spacer battle-history"><br></div><div class="battle-history"><strong>Fear</strong> won the battle!<br></div><div class="chat chatmessage-fear"><strong style="color:#99960b"><small>☆</small><span class="username" data-name="Fear">Fear</span>:</strong> <em>gg</em></div><div class="chat chatmessage-earthworm"><strong style="color:#b12f77"><small>☆</small><span class="username" data-name="Earthworm">Earthworm</span>:</strong> <em>gg</em></div></div><div class="inner-preempt"></div></div></div>
</div>
<script>
let daily = Math.floor(Date.now()/1000/60/60/24);document.write('<script src="https://play.pokemonshowdown.com/js/replay-embed.js?version'+daily+'"></'+'script>');
</script>
