<!DOCTYPE html>
<meta charset="utf-8" />
<!-- version 1 -->
<title>[Gen 2] OU replay: Chool &amp; the Gang vs. d0nut</title>
<style>
html,body {font-family:Verdana, sans-serif;font-size:10pt;margin:0;padding:0;}body{padding:12px 0;} .battle-log {font-family:Verdana, sans-serif;font-size:10pt;} .battle-log-inline {border:1px solid #AAAAAA;background:#EEF2F5;color:black;max-width:640px;margin:0 auto 80px;padding-bottom:5px;} .battle-log .inner {padding:4px 8px 0px 8px;} .battle-log .inner-preempt {padding:0 8px 4px 8px;} .battle-log .inner-after {margin-top:0.5em;} .battle-log h2 {margin:0.5em -8px;padding:4px 8px;border:1px solid #AAAAAA;background:#E0E7EA;border-left:0;border-right:0;font-family:Verdana, sans-serif;font-size:13pt;} .battle-log .chat {vertical-align:middle;padding:3px 0 3px 0;font-size:8pt;} .battle-log .chat strong {color:#40576A;} .battle-log .chat em {padding:1px 4px 1px 3px;color:#000000;font-style:normal;} .chat.mine {background:rgba(0,0,0,0.05);margin-left:-8px;margin-right:-8px;padding-left:8px;padding-right:8px;} .spoiler {color:#BBBBBB;background:#BBBBBB;padding:0px 3px;} .spoiler:hover, .spoiler:active, .spoiler-shown {color:#000000;background:#E2E2E2;padding:0px 3px;} .spoiler a {color:#BBBBBB;} .spoiler:hover a, .spoiler:active a, .spoiler-shown a {color:#2288CC;} .chat code, .chat .spoiler:hover code, .chat .spoiler:active code, .chat .spoiler-shown code {border:1px solid #C0C0C0;background:#EEEEEE;color:black;padding:0 2px;} .chat .spoiler code {border:1px solid #CCCCCC;background:#CCCCCC;color:#CCCCCC;} .battle-log .rated {padding:3px 4px;} .battle-log .rated strong {color:white;background:#89A;padding:1px 4px;border-radius:4px;} .spacer {margin-top:0.5em;} .message-announce {background:#6688AA;color:white;padding:1px 4px 2px;} .message-announce a, .broadcast-green a, .broadcast-blue a, .broadcast-red a {color:#DDEEFF;} .broadcast-green {background-color:#559955;color:white;padding:2px 4px;} .broadcast-blue {background-color:#6688AA;color:white;padding:2px 4px;} .infobox {border:1px solid #6688AA;padding:2px 4px;} .infobox-limited {max-height:200px;overflow:auto;overflow-x:hidden;} .broadcast-red {background-color:#AA5544;color:white;padding:2px 4px;} .message-learn-canlearn {font-weight:bold;color:#228822;text-decoration:underline;} .message-learn-cannotlearn {font-weight:bold;color:#CC2222;text-decoration:underline;} .message-effect-weak {font-weight:bold;color:#CC2222;} .message-effect-resist {font-weight:bold;color:#6688AA;} .message-effect-immune {font-weight:bold;color:#666666;} .message-learn-list {margin-top:0;margin-bottom:0;} .message-throttle-notice, .message-error {color:#992222;} .message-overflow, .chat small.message-overflow {font-size:0pt;} .message-overflow::before {font-size:9pt;content:'...';} .subtle {color:#3A4A66;}
</style>
<div class="wrapper replay-wrapper" style="max-width:1180px;margin:0 auto">
<input type="hidden" name="replayid" value="smogtours-gen2ou-338690" />
<div class="battle"></div><div class="battle-log"></div><div class="replay-controls"></div><div class="replay-controls-2"></div>
<h1 style="font-weight:normal;text-align:center"><strong>[Gen 2] OU</strong><br /><a href="http://pokemonshowdown.com/users/choolthegang" class="subtle" target="_blank">Chool &amp; the Gang</a> vs. <a href="http://pokemonshowdown.com/users/d0nut" class="subtle" target="_blank">d0nut</a></h1>
<script type="text/plain" class="battle-log-data">|inactive|Battle timer is ON: inactive players will automatically lose when time's up.
|player|p1|Chool & the Gang|2
|teamsize|p1|6
|player|p2|d0nut|2
|teamsize|p2|6
|gametype|singles
|gen|2
|tier|[Gen 2] OU
|rule|Sleep Clause Mod: Limit one foe put to sleep
|rule|Species Clause: Limit one of each Pokémon
|rule|OHKO Clause: OHKO moves are banned
|rule|Evasion Moves Clause: Evasion moves are banned
|rule|HP Percentage Mod: HP is shown in percentages
|
|start
|switch|p1a: wifebeater|Snorlax, M|100\/100
|switch|p2a: Raikou|Raikou|100\/100
|turn|1
|c|+KAORI✿|CHOOLS
|c|+R!cardo|CHOOLIO
|c|+sedertz|chool
|c|+mael|CHOOLIO
|inactive|Chool & the Gang has 285 seconds left.
|inactive|d0nut has 285 seconds left.
|c|+passion ✈|finally real tier
|c|+sedertz|chool g rap
|c|+Eseque|8.6
|raw|<div class="broadcast-red"><strong>Moderated chat was set to @!<\/strong><br \/>Only users of rank @ and higher can talk.<\/div>
|inactive|d0nut has 270 seconds left.
|
|switch|p2a: Skarmory|Skarmory, M|100\/100
|move|p1a: wifebeater|Double-Edge|p2a: Skarmory
|-resisted|p2a: Skarmory
|-damage|p2a: Skarmory|83\/100
|-damage|p1a: wifebeater|98\/100|[from] Recoil|[of] p2a: Skarmory
|
|-heal|p2a: Skarmory|89\/100|[from] item: Leftovers
|-heal|p1a: wifebeater|100\/100|[from] item: Leftovers
|upkeep
|turn|2
|
|switch|p1a: ISYN|Raikou|100\/100
|move|p2a: Skarmory|Whirlwind|p1a: ISYN
|drag|p1a: wifebeater|Snorlax, M|100\/100
|
|-heal|p2a: Skarmory|95\/100|[from] item: Leftovers
|upkeep
|turn|3
|inactive|d0nut has 285 seconds left.
|
|move|p2a: Skarmory|Drill Peck|p1a: wifebeater
|-damage|p1a: wifebeater|81\/100
|move|p1a: wifebeater|Curse|p1a: wifebeater
|-unboost|p1a: wifebeater|spe|1
|-boost|p1a: wifebeater|atk|1
|-boost|p1a: wifebeater|def|1
|
|-heal|p2a: Skarmory|100\/100|[from] item: Leftovers
|-heal|p1a: wifebeater|87\/100|[from] item: Leftovers
|upkeep
|turn|4
|
|move|p1a: wifebeater|Lovely Kiss|p2a: Skarmory
|-status|p2a: Skarmory|slp
|cant|p2a: Skarmory|slp
|
|-heal|p1a: wifebeater|93\/100|[from] item: Leftovers
|upkeep
|turn|5
|inactive|d0nut has 285 seconds left.
|
|switch|p2a: Tyranitar|Tyranitar, M|100\/100
|move|p1a: wifebeater|Curse|p1a: wifebeater
|-unboost|p1a: wifebeater|spe|1
|-boost|p1a: wifebeater|atk|1
|-boost|p1a: wifebeater|def|1
|
|-heal|p1a: wifebeater|99\/100|[from] item: Leftovers
|upkeep
|turn|6
|
|move|p1a: wifebeater|Double-Edge|p2a: Tyranitar
|-resisted|p2a: Tyranitar
|-damage|p2a: Tyranitar|64\/100
|-damage|p1a: wifebeater|92\/100|[from] Recoil|[of] p2a: Tyranitar
|move|p2a: Tyranitar|Roar|p1a: wifebeater
|drag|p1a: kebab|Heracross, M|100\/100
|
|-heal|p2a: Tyranitar|70\/100|[from] item: Leftovers
|upkeep
|turn|7
|inactive|Chool & the Gang has 285 seconds left.
|inactive|d0nut has 285 seconds left.
|inactive|d0nut has 270 seconds left.
|
|switch|p1a: HARD R|Cloyster, M|100\/100
|switch|p2a: Skarmory|Skarmory, M|100\/100 slp
|
|upkeep
|turn|8
|
|move|p1a: HARD R|Spikes|p2a: Skarmory
|-sidestart|p2: d0nut|Spikes
|cant|p2a: Skarmory|slp
|
|upkeep
|turn|9
|
|move|p1a: HARD R|Surf|p2a: Skarmory
|-damage|p2a: Skarmory|65\/100 slp
|-curestatus|p2a: Skarmory|slp|[msg]
|move|p2a: Skarmory|Whirlwind|p1a: HARD R
|drag|p1a: ISYN|Raikou|100\/100
|
|-heal|p2a: Skarmory|71\/100|[from] item: Leftovers
|upkeep
|turn|10
|
|switch|p1a: wifebeater|Snorlax, M|92\/100
|switch|p2a: Snorlax|Snorlax, M|100\/100
|-damage|p2a: Snorlax|88\/100|[from] Spikes
|
|-heal|p1a: wifebeater|98\/100|[from] item: Leftovers
|-heal|p2a: Snorlax|94\/100|[from] item: Leftovers
|upkeep
|turn|11
|inactive|Chool & the Gang has 285 seconds left.
|inactive|d0nut has 285 seconds left.
|inactive|Chool & the Gang has 270 seconds left.
|
|switch|p2a: Tyranitar|Tyranitar, M|70\/100
|-damage|p2a: Tyranitar|58\/100|[from] Spikes
|move|p1a: wifebeater|Lovely Kiss|p2a: Tyranitar
|-status|p2a: Tyranitar|slp
|
|-heal|p2a: Tyranitar|64\/100 slp|[from] item: Leftovers
|-heal|p1a: wifebeater|100\/100|[from] item: Leftovers
|upkeep
|turn|12
|
|switch|p2a: Skarmory|Skarmory, M|71\/100
|switch|p1a: HARD R|Cloyster, M|100\/100
|
|-heal|p2a: Skarmory|77\/100|[from] item: Leftovers
|upkeep
|turn|13
|inactive|d0nut has 285 seconds left.
|
|switch|p2a: Starmie|Starmie|100\/100
|-damage|p2a: Starmie|88\/100|[from] Spikes
|move|p1a: HARD R|Surf|p2a: Starmie
|-resisted|p2a: Starmie
|-damage|p2a: Starmie|71\/100
|
|-heal|p2a: Starmie|78\/100|[from] item: Leftovers
|upkeep
|turn|14
|
|move|p2a: Starmie|Rapid Spin|p1a: HARD R
|-damage|p1a: HARD R|97\/100
|-sideend|p2: d0nut|Spikes|[from] move: Rapid Spin|[of] p2a: Starmie
|move|p1a: HARD R|Toxic|p2a: Starmie
|-status|p2a: Starmie|tox
|
|-heal|p2a: Starmie|84\/100 tox|[from] item: Leftovers
|-heal|p1a: HARD R|100\/100|[from] item: Leftovers
|upkeep
|turn|15
|
|switch|p1a: ISYN|Raikou|100\/100
|move|p2a: Starmie|Psychic|p1a: ISYN
|-damage|p1a: ISYN|73\/100
|-damage|p2a: Starmie|78\/100 tox|[from] tox|[of] p1a: ISYN
|
|-heal|p2a: Starmie|84\/100 tox|[from] item: Leftovers
|-heal|p1a: ISYN|79\/100|[from] item: Leftovers
|upkeep
|turn|16
|
|switch|p1a: wifebeater|Snorlax, M|100\/100
|switch|p2a: Snorlax|Snorlax, M|94\/100
|
|-heal|p2a: Snorlax|99\/100|[from] item: Leftovers
|upkeep
|turn|17
|
|move|p1a: wifebeater|Double-Edge|p2a: Snorlax
|-damage|p2a: Snorlax|61\/100
|-damage|p1a: wifebeater|91\/100|[from] Recoil|[of] p2a: Snorlax
|move|p2a: Snorlax|Double-Edge|p1a: wifebeater
|-damage|p1a: wifebeater|53\/100
|-damage|p2a: Snorlax|52\/100|[from] Recoil|[of] p1a: wifebeater
|
|-heal|p2a: Snorlax|58\/100|[from] item: Leftovers
|-heal|p1a: wifebeater|59\/100|[from] item: Leftovers
|upkeep
|turn|18
|
|switch|p2a: Skarmory|Skarmory, M|77\/100
|move|p1a: wifebeater|Double-Edge|p2a: Skarmory
|-resisted|p2a: Skarmory
|-damage|p2a: Skarmory|58\/100
|-damage|p1a: wifebeater|56\/100|[from] Recoil|[of] p2a: Skarmory
|
|-heal|p2a: Skarmory|64\/100|[from] item: Leftovers
|-heal|p1a: wifebeater|62\/100|[from] item: Leftovers
|upkeep
|turn|19
|inactive|Chool & the Gang disconnected and has a minute to reconnect!
|player|p1|
|c|&Tony|timer off d0nut?
|inactive|Chool & the Gang reconnected and has 270 seconds left.
|player|p1|Chool & the Gang|2
|
|switch|p1a: ISYN|Raikou|79\/100
|move|p2a: Skarmory|Drill Peck|p1a: ISYN
|-resisted|p1a: ISYN
|-damage|p1a: ISYN|67\/100
|
|-heal|p1a: ISYN|73\/100|[from] item: Leftovers
|-heal|p2a: Skarmory|70\/100|[from] item: Leftovers
|upkeep
|turn|20
|c|&Tony|never mind!
|
|switch|p1a: wifebeater|Snorlax, M|62\/100
|switch|p2a: Raikou|Raikou|100\/100
|
|-heal|p1a: wifebeater|68\/100|[from] item: Leftovers
|upkeep
|turn|21
|
|move|p2a: Raikou|Thunder|p1a: wifebeater
|-damage|p1a: wifebeater|40\/100
|move|p1a: wifebeater|Double-Edge|p2a: Raikou
|-damage|p2a: Raikou|49\/100
|-damage|p1a: wifebeater|30\/100|[from] Recoil|[of] p2a: Raikou
|
|-heal|p2a: Raikou|55\/100|[from] item: Leftovers
|-heal|p1a: wifebeater|36\/100|[from] item: Leftovers
|upkeep
|turn|22
|inactive|d0nut has 285 seconds left.
|inactive|d0nut has 270 seconds left.
|
|switch|p2a: Snorlax|Snorlax, M|58\/100
|move|p1a: wifebeater|Rest|p1a: wifebeater
|-status|p1a: wifebeater|slp
|-heal|p1a: wifebeater|100\/100 slp|[silent]
|-status|p1a: wifebeater|slp|[from] move: Rest
|
|-heal|p2a: Snorlax|64\/100|[from] item: Leftovers
|upkeep
|turn|23
|
|switch|p1a: kebab|Heracross, M|100\/100
|move|p2a: Snorlax|Curse|p2a: Snorlax
|-unboost|p2a: Snorlax|spe|1
|-boost|p2a: Snorlax|atk|1
|-boost|p2a: Snorlax|def|1
|
|-heal|p2a: Snorlax|70\/100|[from] item: Leftovers
|upkeep
|turn|24
|inactive|d0nut has 285 seconds left.
|inactive|Chool & the Gang has 285 seconds left.
|
|move|p1a: kebab|Megahorn|p2a: Snorlax
|-damage|p2a: Snorlax|42\/100
|move|p2a: Snorlax|Curse|p2a: Snorlax
|-unboost|p2a: Snorlax|spe|1
|-boost|p2a: Snorlax|atk|1
|-boost|p2a: Snorlax|def|1
|
|-heal|p2a: Snorlax|48\/100|[from] item: Leftovers
|upkeep
|turn|25
|
|move|p1a: kebab|Megahorn|p2a: Snorlax
|-damage|p2a: Snorlax|29\/100
|move|p2a: Snorlax|Rest|p2a: Snorlax
|-status|p2a: Snorlax|slp
|-heal|p2a: Snorlax|100\/100 slp|[silent]
|-status|p2a: Snorlax|slp|[from] move: Rest
|
|upkeep
|turn|26
|
|switch|p1a: fucking brown man|Rhydon, M|100\/100
|cant|p2a: Snorlax|slp
|
|upkeep
|turn|27
|
|cant|p2a: Snorlax|slp
|move|p1a: fucking brown man|Roar|p2a: Snorlax
|drag|p2a: Raikou|Raikou|55\/100
|
|-heal|p2a: Raikou|61\/100|[from] item: Leftovers
|upkeep
|turn|28
|
|switch|p2a: Skarmory|Skarmory, M|70\/100
|switch|p1a: wifebeater|Snorlax, M|100\/100 slp
|
|-heal|p2a: Skarmory|76\/100|[from] item: Leftovers
|upkeep
|turn|29
|
|switch|p2a: Snorlax|Snorlax, M|100\/100 slp
|switch|p1a: HARD R|Cloyster, M|100\/100
|
|upkeep
|turn|30
|
|move|p1a: HARD R|Spikes|p2a: Snorlax
|-sidestart|p2: d0nut|Spikes
|-curestatus|p2a: Snorlax|slp|[msg]
|move|p2a: Snorlax|Double-Edge|p1a: HARD R
|-damage|p1a: HARD R|71\/100
|-damage|p2a: Snorlax|96\/100|[from] Recoil|[of] p1a: HARD R
|
|-heal|p1a: HARD R|77\/100|[from] item: Leftovers
|-heal|p2a: Snorlax|100\/100|[from] item: Leftovers
|upkeep
|turn|31
|
|move|p1a: HARD R|Toxic|p2a: Snorlax
|-status|p2a: Snorlax|tox
|move|p2a: Snorlax|Double-Edge|p1a: HARD R
|-damage|p1a: HARD R|47\/100
|-damage|p2a: Snorlax|96\/100 tox|[from] Recoil|[of] p1a: HARD R
|-damage|p2a: Snorlax|90\/100 tox|[from] tox|[of] p1a: HARD R
|
|-heal|p1a: HARD R|53\/100|[from] item: Leftovers
|-heal|p2a: Snorlax|96\/100 tox|[from] item: Leftovers
|upkeep
|turn|32
|inactive|d0nut has 285 seconds left.
|
|switch|p1a: kebab|Heracross, M|100\/100
|move|p2a: Snorlax|Thunder|p1a: kebab|[miss]
|-miss|p2a: Snorlax
|-damage|p2a: Snorlax|84\/100 tox|[from] tox|[of] p1a: kebab
|
|-heal|p2a: Snorlax|90\/100 tox|[from] item: Leftovers
|upkeep
|turn|33
|inactive|Chool & the Gang has 285 seconds left.
|
|switch|p2a: Skarmory|Skarmory, M|76\/100
|move|p1a: kebab|Megahorn|p2a: Skarmory|[miss]
|-miss|p1a: kebab
|
|-heal|p2a: Skarmory|82\/100|[from] item: Leftovers
|upkeep
|turn|34
|
|switch|p1a: ISYN|Raikou|73\/100
|move|p2a: Skarmory|Whirlwind|p1a: ISYN
|drag|p1a: kebab|Heracross, M|100\/100
|
|-heal|p2a: Skarmory|88\/100|[from] item: Leftovers
|upkeep
|turn|35
|
|switch|p1a: ISYN|Raikou|73\/100
|move|p2a: Skarmory|Drill Peck|p1a: ISYN
|-resisted|p1a: ISYN
|-damage|p1a: ISYN|60\/100
|
|-heal|p1a: ISYN|66\/100|[from] item: Leftovers
|-heal|p2a: Skarmory|94\/100|[from] item: Leftovers
|upkeep
|turn|36
|
|switch|p2a: Raikou|Raikou|61\/100
|-damage|p2a: Raikou|49\/100|[from] Spikes
|move|p1a: ISYN|Thunder|p2a: Raikou|[miss]
|-miss|p1a: ISYN
|
|-heal|p2a: Raikou|55\/100|[from] item: Leftovers
|-heal|p1a: ISYN|72\/100|[from] item: Leftovers
|upkeep
|turn|37
|inactive|d0nut has 285 seconds left.
|
|move|p1a: ISYN|Thunder|p2a: Raikou|[miss]
|-miss|p1a: ISYN
|move|p2a: Raikou|Thunder|p1a: ISYN
|-resisted|p1a: ISYN
|-damage|p1a: ISYN|51\/100
|-status|p1a: ISYN|par
|
|-heal|p2a: Raikou|61\/100|[from] item: Leftovers
|-heal|p1a: ISYN|57\/100 par|[from] item: Leftovers
|upkeep
|turn|38
|inactive|d0nut has 285 seconds left.
|
|switch|p2a: Snorlax|Snorlax, M|90\/100 tox
|-status|p2a: Snorlax|psn
|-damage|p2a: Snorlax|78\/100 psn|[from] Spikes
|-damage|p2a: Snorlax|65\/100 psn|[from] psn
|cant|p1a: ISYN|par
|
|-heal|p2a: Snorlax|71\/100 psn|[from] item: Leftovers
|-heal|p1a: ISYN|63\/100 par|[from] item: Leftovers
|upkeep
|turn|39
|
|switch|p1a: fucking brown man|Rhydon, M|100\/100
|move|p2a: Snorlax|Curse|p2a: Snorlax
|-unboost|p2a: Snorlax|spe|1
|-boost|p2a: Snorlax|atk|1
|-boost|p2a: Snorlax|def|1
|-damage|p2a: Snorlax|59\/100 psn|[from] psn|[of] p1a: fucking brown man
|
|-heal|p2a: Snorlax|65\/100 psn|[from] item: Leftovers
|upkeep
|turn|40
|
|move|p1a: fucking brown man|Curse|p1a: fucking brown man
|-unboost|p1a: fucking brown man|spe|1
|-boost|p1a: fucking brown man|atk|1
|-boost|p1a: fucking brown man|def|1
|move|p2a: Snorlax|Rest|p2a: Snorlax
|-status|p2a: Snorlax|slp
|-heal|p2a: Snorlax|100\/100 slp|[silent]
|-status|p2a: Snorlax|slp|[from] move: Rest
|
|upkeep
|turn|41
|
|switch|p2a: Skarmory|Skarmory, M|94\/100
|move|p1a: fucking brown man|Rock Slide|p2a: Skarmory
|-damage|p2a: Skarmory|57\/100
|
|-heal|p2a: Skarmory|63\/100|[from] item: Leftovers
|upkeep
|turn|42
|
|switch|p1a: ISYN|Raikou|63\/100 par
|move|p2a: Skarmory|Curse|p2a: Skarmory
|-unboost|p2a: Skarmory|spe|1
|-boost|p2a: Skarmory|atk|1
|-boost|p2a: Skarmory|def|1
|
|-heal|p2a: Skarmory|69\/100|[from] item: Leftovers
|-heal|p1a: ISYN|69\/100 par|[from] item: Leftovers
|upkeep
|turn|43
|
|switch|p2a: Snorlax|Snorlax, M|100\/100 slp
|-damage|p2a: Snorlax|88\/100 slp|[from] Spikes
|cant|p1a: ISYN|par
|
|-heal|p2a: Snorlax|94\/100 slp|[from] item: Leftovers
|-heal|p1a: ISYN|75\/100 par|[from] item: Leftovers
|upkeep
|turn|44
|
|switch|p1a: fucking brown man|Rhydon, M|100\/100
|cant|p2a: Snorlax|slp
|
|-heal|p2a: Snorlax|99\/100 slp|[from] item: Leftovers
|upkeep
|turn|45
|
|switch|p2a: Skarmory|Skarmory, M|69\/100
|move|p1a: fucking brown man|Roar|p2a: Skarmory
|drag|p2a: Snorlax|Snorlax, M|99\/100 slp
|-damage|p2a: Snorlax|88\/100 slp|[from] Spikes
|
|-heal|p2a: Snorlax|94\/100 slp|[from] item: Leftovers
|upkeep
|turn|46
|
|switch|p2a: Skarmory|Skarmory, M|69\/100
|move|p1a: fucking brown man|Curse|p1a: fucking brown man
|-unboost|p1a: fucking brown man|spe|1
|-boost|p1a: fucking brown man|atk|1
|-boost|p1a: fucking brown man|def|1
|
|-heal|p2a: Skarmory|75\/100|[from] item: Leftovers
|upkeep
|turn|47
|
|move|p2a: Skarmory|Curse|p2a: Skarmory
|-unboost|p2a: Skarmory|spe|1
|-boost|p2a: Skarmory|atk|1
|-boost|p2a: Skarmory|def|1
|move|p1a: fucking brown man|Roar|p2a: Skarmory
|drag|p2a: Snorlax|Snorlax, M|94\/100 slp
|-damage|p2a: Snorlax|82\/100 slp|[from] Spikes
|
|-heal|p2a: Snorlax|88\/100 slp|[from] item: Leftovers
|upkeep
|turn|48
|
|switch|p2a: Skarmory|Skarmory, M|75\/100
|move|p1a: fucking brown man|Earthquake|p2a: Skarmory
|-immune|p2a: Skarmory|[msg]
|
|-heal|p2a: Skarmory|81\/100|[from] item: Leftovers
|upkeep
|turn|49
|
|move|p2a: Skarmory|Whirlwind|p1a: fucking brown man
|-fail|p1a: fucking brown man
|move|p1a: fucking brown man|Roar|p2a: Skarmory
|drag|p2a: Raikou|Raikou|61\/100
|-damage|p2a: Raikou|48\/100|[from] Spikes
|
|-heal|p2a: Raikou|54\/100|[from] item: Leftovers
|upkeep
|turn|50
|
|switch|p2a: Skarmory|Skarmory, M|81\/100
|move|p1a: fucking brown man|Earthquake|p2a: Skarmory
|-immune|p2a: Skarmory|[msg]
|
|-heal|p2a: Skarmory|87\/100|[from] item: Leftovers
|upkeep
|turn|51
|
|move|p2a: Skarmory|Whirlwind|p1a: fucking brown man
|-fail|p1a: fucking brown man
|move|p1a: fucking brown man|Roar|p2a: Skarmory
|drag|p2a: Tyranitar|Tyranitar, M|64\/100 slp
|-damage|p2a: Tyranitar|52\/100 slp|[from] Spikes
|
|-heal|p2a: Tyranitar|58\/100 slp|[from] item: Leftovers
|upkeep
|turn|52
|
|switch|p2a: Skarmory|Skarmory, M|87\/100
|move|p1a: fucking brown man|Rock Slide|p2a: Skarmory
|-damage|p2a: Skarmory|52\/100
|
|-heal|p2a: Skarmory|58\/100|[from] item: Leftovers
|upkeep
|turn|53
|
|move|p2a: Skarmory|Whirlwind|p1a: fucking brown man
|-fail|p1a: fucking brown man
|move|p1a: fucking brown man|Roar|p2a: Skarmory
|drag|p2a: Tyranitar|Tyranitar, M|58\/100 slp
|-damage|p2a: Tyranitar|46\/100 slp|[from] Spikes
|
|-heal|p2a: Tyranitar|52\/100 slp|[from] item: Leftovers
|upkeep
|turn|54
|inactive|d0nut has 285 seconds left.
|inactive|d0nut has 270 seconds left.
|
|switch|p2a: Skarmory|Skarmory, M|58\/100
|move|p1a: fucking brown man|Rock Slide|p2a: Skarmory
|-damage|p2a: Skarmory|18\/100
|
|-heal|p2a: Skarmory|24\/100|[from] item: Leftovers
|upkeep
|turn|55
|inactive|d0nut has 285 seconds left.
|
|move|p2a: Skarmory|Rest|p2a: Skarmory
|-status|p2a: Skarmory|slp
|-heal|p2a: Skarmory|100\/100 slp|[silent]
|-status|p2a: Skarmory|slp|[from] move: Rest
|move|p1a: fucking brown man|Rock Slide|p2a: Skarmory
|-damage|p2a: Skarmory|61\/100 slp
|
|-heal|p2a: Skarmory|67\/100 slp|[from] item: Leftovers
|upkeep
|turn|56
|
|cant|p2a: Skarmory|slp
|move|p1a: fucking brown man|Rock Slide|p2a: Skarmory
|-damage|p2a: Skarmory|32\/100 slp
|
|-heal|p2a: Skarmory|38\/100 slp|[from] item: Leftovers
|upkeep
|turn|57
|
|cant|p2a: Skarmory|slp
|move|p1a: fucking brown man|Rock Slide|p2a: Skarmory
|-damage|p2a: Skarmory|0 fnt
|faint|p2a: Skarmory
|
|switch|p2a: Starmie|Starmie|84\/100 tox
|-status|p2a: Starmie|psn
|-damage|p2a: Starmie|71\/100 psn|[from] Spikes
|
|-heal|p2a: Starmie|78\/100 psn|[from] item: Leftovers
|upkeep
|turn|58
|inactive|Chool & the Gang has 285 seconds left.
|inactive|Chool & the Gang has 270 seconds left.
|
|switch|p1a: kebab|Heracross, M|100\/100
|move|p2a: Starmie|Surf|p1a: kebab
|-damage|p1a: kebab|71\/100
|-damage|p2a: Starmie|65\/100 psn|[from] psn|[of] p1a: kebab
|
|-heal|p2a: Starmie|71\/100 psn|[from] item: Leftovers
|-heal|p1a: kebab|77\/100|[from] item: Leftovers
|upkeep
|turn|59
|inactive|Chool & the Gang has 285 seconds left.
|inactive|d0nut has 285 seconds left.
|
|switch|p2a: Heracross|Heracross, M|100\/100
|-damage|p2a: Heracross|88\/100|[from] Spikes
|move|p1a: kebab|Megahorn|p2a: Heracross
|-resisted|p2a: Heracross
|-damage|p2a: Heracross|63\/100
|
|-heal|p2a: Heracross|69\/100|[from] item: Leftovers
|-heal|p1a: kebab|83\/100|[from] item: Leftovers
|upkeep
|turn|60
|inactive|Chool & the Gang has 285 seconds left.
|inactive|Chool & the Gang has 270 seconds left.
|
|move|p2a: Heracross|Seismic Toss|p1a: kebab
|-damage|p1a: kebab|56\/100
|move|p1a: kebab|Seismic Toss|p2a: Heracross
|-damage|p2a: Heracross|41\/100
|
|-heal|p2a: Heracross|47\/100|[from] item: Leftovers
|-heal|p1a: kebab|62\/100|[from] item: Leftovers
|upkeep
|turn|61
|inactive|Chool & the Gang has 285 seconds left.
|
|move|p2a: Heracross|Rest|p2a: Heracross
|-status|p2a: Heracross|slp
|-heal|p2a: Heracross|100\/100 slp|[silent]
|-status|p2a: Heracross|slp|[from] move: Rest
|move|p1a: kebab|Seismic Toss|p2a: Heracross
|-damage|p2a: Heracross|73\/100 slp
|
|-heal|p1a: kebab|68\/100|[from] item: Leftovers
|-heal|p2a: Heracross|79\/100 slp|[from] item: Leftovers
|upkeep
|turn|62
|
|move|p1a: kebab|Rest|p1a: kebab
|-status|p1a: kebab|slp
|-heal|p1a: kebab|100\/100 slp|[silent]
|-status|p1a: kebab|slp|[from] move: Rest
|cant|p2a: Heracross|slp
|move|p2a: Heracross|Sleep Talk|p2a: Heracross
|move|p2a: Heracross|Seismic Toss|p1a: kebab|[from]Sleep Talk
|-damage|p1a: kebab|73\/100 slp
|
|-heal|p2a: Heracross|85\/100 slp|[from] item: Leftovers
|-heal|p1a: kebab|79\/100 slp|[from] item: Leftovers
|upkeep
|turn|63
|
|cant|p1a: kebab|slp
|cant|p2a: Heracross|slp
|move|p2a: Heracross|Sleep Talk|p2a: Heracross
|move|p2a: Heracross|Megahorn|p1a: kebab|[from]Sleep Talk
|-resisted|p1a: kebab
|-damage|p1a: kebab|51\/100 slp
|
|-heal|p2a: Heracross|91\/100 slp|[from] item: Leftovers
|-heal|p1a: kebab|57\/100 slp|[from] item: Leftovers
|upkeep
|turn|64
|
|cant|p1a: kebab|slp
|move|p1a: kebab|Sleep Talk|p1a: kebab
|move|p1a: kebab|Rest|p1a: kebab|[from]Sleep Talk
|-heal|p1a: kebab|100\/100 slp|[silent]
|-status|p1a: kebab|slp|[from] move: Rest
|-curestatus|p2a: Heracross|slp|[msg]
|move|p2a: Heracross|Megahorn|p1a: kebab
|-crit|p1a: kebab
|-resisted|p1a: kebab
|-damage|p1a: kebab|51\/100 slp
|
|-heal|p2a: Heracross|97\/100|[from] item: Leftovers
|-heal|p1a: kebab|57\/100 slp|[from] item: Leftovers
|upkeep
|turn|65
|
|cant|p1a: kebab|slp
|move|p1a: kebab|Sleep Talk|p1a: kebab
|move|p1a: kebab|Seismic Toss|p2a: Heracross|[from]Sleep Talk
|-damage|p2a: Heracross|70\/100
|move|p2a: Heracross|Megahorn|p1a: kebab
|-resisted|p1a: kebab
|-damage|p1a: kebab|29\/100 slp
|
|-heal|p1a: kebab|35\/100 slp|[from] item: Leftovers
|-heal|p2a: Heracross|76\/100|[from] item: Leftovers
|upkeep
|turn|66
|
|cant|p1a: kebab|slp
|move|p1a: kebab|Sleep Talk|p1a: kebab
|move|p1a: kebab|Megahorn|p2a: Heracross|[from]Sleep Talk
|-resisted|p2a: Heracross
|-damage|p2a: Heracross|50\/100
|move|p2a: Heracross|Megahorn|p1a: kebab|[miss]
|-miss|p2a: Heracross
|
|-heal|p2a: Heracross|56\/100|[from] item: Leftovers
|-heal|p1a: kebab|41\/100 slp|[from] item: Leftovers
|upkeep
|turn|67
|
|move|p2a: Heracross|Megahorn|p1a: kebab|[miss]
|-miss|p2a: Heracross
|-curestatus|p1a: kebab|slp|[msg]
|move|p1a: kebab|Rest|p1a: kebab
|-status|p1a: kebab|slp
|-heal|p1a: kebab|100\/100 slp|[silent]
|-status|p1a: kebab|slp|[from] move: Rest
|
|-heal|p2a: Heracross|62\/100|[from] item: Leftovers
|upkeep
|turn|68
|
|cant|p1a: kebab|slp
|move|p2a: Heracross|Rest|p2a: Heracross
|-status|p2a: Heracross|slp
|-heal|p2a: Heracross|100\/100 slp|[silent]
|-status|p2a: Heracross|slp|[from] move: Rest
|
|upkeep
|turn|69
|
|cant|p2a: Heracross|slp
|cant|p1a: kebab|slp
|
|upkeep
|turn|70
|
|switch|p1a: HARD R|Cloyster, M|53\/100
|cant|p2a: Heracross|slp
|
|-heal|p1a: HARD R|59\/100|[from] item: Leftovers
|upkeep
|turn|71
|
|switch|p1a: kebab|Heracross, M|100\/100 slp
|-curestatus|p2a: Heracross|slp|[msg]
|move|p2a: Heracross|Megahorn|p1a: kebab
|-resisted|p1a: kebab
|-damage|p1a: kebab|75\/100 slp
|
|-heal|p1a: kebab|81\/100 slp|[from] item: Leftovers
|upkeep
|turn|72
|
|move|p2a: Heracross|Seismic Toss|p1a: kebab
|-damage|p1a: kebab|54\/100 slp
|-curestatus|p1a: kebab|slp|[msg]
|move|p1a: kebab|Megahorn|p2a: Heracross
|-resisted|p2a: Heracross
|-damage|p2a: Heracross|73\/100
|
|-heal|p1a: kebab|60\/100|[from] item: Leftovers
|-heal|p2a: Heracross|79\/100|[from] item: Leftovers
|upkeep
|turn|73
|
|move|p2a: Heracross|Seismic Toss|p1a: kebab
|-damage|p1a: kebab|32\/100
|move|p1a: kebab|Rest|p1a: kebab
|-status|p1a: kebab|slp
|-heal|p1a: kebab|100\/100 slp|[silent]
|-status|p1a: kebab|slp|[from] move: Rest
|
|-heal|p2a: Heracross|85\/100|[from] item: Leftovers
|upkeep
|turn|74
|
|move|p2a: Heracross|Seismic Toss|p1a: kebab
|-damage|p1a: kebab|73\/100 slp
|cant|p1a: kebab|slp
|move|p1a: kebab|Sleep Talk|p1a: kebab
|move|p1a: kebab|Rest|p1a: kebab|[from]Sleep Talk
|-heal|p1a: kebab|100\/100 slp|[silent]
|-status|p1a: kebab|slp|[from] move: Rest
|
|-heal|p2a: Heracross|91\/100|[from] item: Leftovers
|upkeep
|turn|75
|
|move|p2a: Heracross|Seismic Toss|p1a: kebab
|-damage|p1a: kebab|73\/100 slp
|cant|p1a: kebab|slp
|
|-heal|p1a: kebab|79\/100 slp|[from] item: Leftovers
|-heal|p2a: Heracross|97\/100|[from] item: Leftovers
|upkeep
|turn|76
|
|move|p2a: Heracross|Rest|p2a: Heracross
|-status|p2a: Heracross|slp
|-heal|p2a: Heracross|100\/100 slp|[silent]
|-status|p2a: Heracross|slp|[from] move: Rest
|cant|p1a: kebab|slp
|
|-heal|p1a: kebab|85\/100 slp|[from] item: Leftovers
|upkeep
|turn|77
|
|switch|p1a: HARD R|Cloyster, M|59\/100
|cant|p2a: Heracross|slp
|move|p2a: Heracross|Sleep Talk|p2a: Heracross
|move|p2a: Heracross|Seismic Toss|p1a: HARD R|[from]Sleep Talk
|-damage|p1a: HARD R|26\/100
|
|-heal|p1a: HARD R|32\/100|[from] item: Leftovers
|upkeep
|turn|78
|
|switch|p1a: kebab|Heracross, M|85\/100 slp
|cant|p2a: Heracross|slp
|move|p2a: Heracross|Sleep Talk|p2a: Heracross
|move|p2a: Heracross|Seismic Toss|p1a: kebab|[from]Sleep Talk
|-damage|p1a: kebab|58\/100 slp
|
|-heal|p1a: kebab|64\/100 slp|[from] item: Leftovers
|upkeep
|turn|79
|
|switch|p2a: Snorlax|Snorlax, M|88\/100 slp
|-damage|p2a: Snorlax|75\/100 slp|[from] Spikes
|-curestatus|p1a: kebab|slp|[msg]
|move|p1a: kebab|Megahorn|p2a: Snorlax
|-damage|p2a: Snorlax|38\/100 slp
|
|-heal|p1a: kebab|70\/100|[from] item: Leftovers
|-heal|p2a: Snorlax|44\/100 slp|[from] item: Leftovers
|upkeep
|turn|80
|
|switch|p1a: HARD R|Cloyster, M|32\/100
|switch|p2a: Heracross|Heracross, M|100\/100 slp
|-damage|p2a: Heracross|88\/100 slp|[from] Spikes
|
|-heal|p2a: Heracross|94\/100 slp|[from] item: Leftovers
|-heal|p1a: HARD R|37\/100|[from] item: Leftovers
|upkeep
|turn|81
|inactive|Chool & the Gang has 285 seconds left.
|
|-curestatus|p2a: Heracross|slp|[msg]
|move|p2a: Heracross|Megahorn|p1a: HARD R
|-damage|p1a: HARD R|3\/100
|move|p1a: HARD R|Explosion|p2a: Heracross
|-damage|p2a: Heracross|0 fnt
|faint|p2a: Heracross
|faint|p1a: HARD R
|
|switch|p2a: Raikou|Raikou|54\/100
|switch|p1a: kebab|Heracross, M|70\/100
|-damage|p2a: Raikou|42\/100|[from] Spikes
|
|-heal|p2a: Raikou|48\/100|[from] item: Leftovers
|-heal|p1a: kebab|76\/100|[from] item: Leftovers
|upkeep
|turn|82
|inactive|Chool & the Gang has 285 seconds left.
|inactive|d0nut has 285 seconds left.
|
|move|p2a: Raikou|Thunder|p1a: kebab|[miss]
|-miss|p2a: Raikou
|move|p1a: kebab|Megahorn|p2a: Raikou
|-damage|p2a: Raikou|0 fnt
|faint|p2a: Raikou
|
|switch|p2a: Snorlax|Snorlax, M|44\/100 slp
|-damage|p2a: Snorlax|31\/100 slp|[from] Spikes
|
|-heal|p1a: kebab|82\/100|[from] item: Leftovers
|-heal|p2a: Snorlax|37\/100 slp|[from] item: Leftovers
|upkeep
|turn|83
|inactive|Chool & the Gang has 285 seconds left.
|
|move|p1a: kebab|Seismic Toss|p2a: Snorlax
|-damage|p2a: Snorlax|18\/100 slp
|cant|p2a: Snorlax|slp
|
|-heal|p1a: kebab|88\/100|[from] item: Leftovers
|-heal|p2a: Snorlax|24\/100 slp|[from] item: Leftovers
|upkeep
|turn|84
|
|move|p1a: kebab|Megahorn|p2a: Snorlax
|-damage|p2a: Snorlax|0 fnt
|faint|p2a: Snorlax
|
|switch|p2a: Starmie|Starmie|71\/100 psn
|-damage|p2a: Starmie|59\/100 psn|[from] Spikes
|
|-heal|p2a: Starmie|65\/100 psn|[from] item: Leftovers
|-heal|p1a: kebab|94\/100|[from] item: Leftovers
|upkeep
|turn|85
|
|move|p2a: Starmie|Psychic|p1a: kebab
|-supereffective|p1a: kebab
|-damage|p1a: kebab|37\/100
|-damage|p2a: Starmie|53\/100 psn|[from] psn|[of] p1a: kebab
|move|p1a: kebab|Megahorn|p2a: Starmie
|-supereffective|p2a: Starmie
|-damage|p2a: Starmie|0 fnt
|faint|p2a: Starmie
|
|switch|p2a: Tyranitar|Tyranitar, M|52\/100 slp
|-damage|p2a: Tyranitar|39\/100 slp|[from] Spikes
|
|-heal|p1a: kebab|43\/100|[from] item: Leftovers
|-heal|p2a: Tyranitar|46\/100 slp|[from] item: Leftovers
|upkeep
|turn|86
|
|move|p1a: kebab|Megahorn|p2a: Tyranitar|[miss]
|-miss|p1a: kebab
|cant|p2a: Tyranitar|slp
|
|-heal|p1a: kebab|49\/100|[from] item: Leftovers
|-heal|p2a: Tyranitar|52\/100 slp|[from] item: Leftovers
|upkeep
|turn|87
|
|move|p1a: kebab|Megahorn|p2a: Tyranitar
|-supereffective|p2a: Tyranitar
|-damage|p2a: Tyranitar|0 fnt
|faint|p2a: Tyranitar
|
|win|Chool & the Gang
|c|☆Chool & the Gang|gg
|c|☆d0nut|gg
</script>
</div>
<div class="battle-log battle-log-inline"><div class="inner"><div class="battle-options"></div><div class="inner"><div class="chat message-error">Battle timer is ON: inactive players will automatically lose when time's up.</div><div class=""><small>Format:</small> <br><strong>[Gen 2] OU</strong></div><div class=""><small><em>Sleep Clause Mod:</em> Limit one foe put to sleep</small></div><div class=""><small><em>Species Clause:</em> Limit one of each Pokémon</small></div><div class=""><small><em>OHKO Clause:</em> OHKO moves are banned</small></div><div class=""><small><em>Evasion Moves Clause:</em> Evasion moves are banned</small></div><div class=""><small><em>HP Percentage Mod:</em> HP is shown in percentages</small></div><div class="spacer battle-history"><br></div><div class="battle-history">Battle started between Chool &amp; the Gang and d0nut!<br></div><div class="spacer battle-history"><br></div><div class="battle-history">Go! wifebeater (<strong>Snorlax</strong>)!<br></div><div class="spacer battle-history"><br></div><div class="battle-history">d0nut sent out <strong>Raikou</strong>!<br></div><div class="spacer battle-history"><br></div><h2 class="battle-history">Turn 1</h2><div class="chat chatmessage-kaori"><strong style="color:#4c5fe1"><small>+</small><span class="username" data-name="KAORI✿">KAORI✿</span>:</strong> <em>CHOOLS</em></div><div class="chat chatmessage-rcardo"><strong style="color:#c84d32"><small>+</small><span class="username" data-name="R!cardo">R!cardo</span>:</strong> <em>CHOOLIO</em></div><div class="chat chatmessage-sedertz"><strong style="color:#2786b9"><small>+</small><span class="username" data-name="sedertz">sedertz</span>:</strong> <em>chool</em></div><div class="chat chatmessage-mael"><strong style="color:#1086ad"><small>+</small><span class="username" data-name="mael">mael</span>:</strong> <em>CHOOLIO</em></div><div class="chat message-error">Chool &amp; the Gang has 285 seconds left.</div><div class="chat message-error">d0nut has 285 seconds left.</div><div class="chat chatmessage-passion"><strong style="color:#227c3f"><small>+</small><span class="username" data-name="passion ✈">passion ✈</span>:</strong> <em>finally real tier</em></div><div class="chat chatmessage-sedertz"><strong style="color:#2786b9"><small>+</small><span class="username" data-name="sedertz">sedertz</span>:</strong> <em>chool g rap</em></div><div class="chat chatmessage-eseque"><strong style="color:#ba3c47"><small>+</small><span class="username" data-name="Eseque">Eseque</span>:</strong> <em>8.6</em></div><div class="chat"><div class="broadcast-red"><strong>Moderated chat was set to @!</strong><br>Only users of rank @ and higher can talk.</div></div><div class="chat message-error">d0nut has 270 seconds left.</div><div class="spacer battle-history"><br></div><div class="battle-history">d0nut withdrew Raikou!<br></div><div class="battle-history">d0nut sent out <strong>Skarmory</strong>!<br></div><div class="spacer battle-history"><br></div><div class="battle-history">wifebeater used <strong>Double-Edge</strong>!<br></div><div class="battle-history"><small>It's not very effective...</small><br></div><div class="battle-history"><small>(The opposing Skarmory lost 17% of its health!)</small><br></div><div class="battle-history"><small>wifebeater was damaged by the recoil!</small><br></div><div class="spacer battle-history"><br></div><div class="battle-history"><small>The opposing Skarmory restored a little HP using its Leftovers!</small><br></div><div class="battle-history"><small>wifebeater restored a little HP using its Leftovers!</small><br></div><div class="spacer battle-history"><br></div><h2 class="battle-history">Turn 2</h2><div class="spacer battle-history"><br></div><div class="battle-history">wifebeater, come back!<br></div><div class="battle-history">Go! ISYN (<strong>Raikou</strong>)!<br></div><div class="spacer battle-history"><br></div><div class="battle-history">The opposing Skarmory used <strong>Whirlwind</strong>!<br></div><div class="spacer battle-history"><br></div><div class="battle-history">wifebeater (<strong>Snorlax</strong>) was dragged out!<br></div><div class="spacer battle-history"><br></div><div class="battle-history"><small>The opposing Skarmory restored a little HP using its Leftovers!</small><br></div><div class="spacer battle-history"><br></div><h2 class="battle-history">Turn 3</h2><div class="chat message-error">d0nut has 285 seconds left.</div><div class="spacer battle-history"><br></div><div class="battle-history">The opposing Skarmory used <strong>Drill Peck</strong>!<br></div><div class="battle-history"><small>(wifebeater lost 19% of its health!)</small><br></div><div class="spacer battle-history"><br></div><div class="battle-history">wifebeater used <strong>Curse</strong>!<br></div><div class="battle-history"><small>wifebeater's Speed fell!</small><br></div><div class="battle-history"><small>wifebeater's Attack rose!</small><br></div><div class="battle-history"><small>wifebeater's Defense rose!</small><br></div><div class="spacer battle-history"><br></div><div class="battle-history"><small>The opposing Skarmory restored a little HP using its Leftovers!</small><br></div><div class="battle-history"><small>wifebeater restored a little HP using its Leftovers!</small><br></div><div class="spacer battle-history"><br></div><h2 class="battle-history">Turn 4</h2><div class="spacer battle-history"><br></div><div class="battle-history">wifebeater used <strong>Lovely Kiss</strong>!<br></div><div class="battle-history"><small>The opposing Skarmory fell asleep!</small><br></div><div class="spacer battle-history"><br></div><div class="battle-history">The opposing Skarmory is fast asleep.<br></div><div class="spacer battle-history"><br></div><div class="battle-history"><small>wifebeater restored a little HP using its Leftovers!</small><br></div><div class="spacer battle-history"><br></div><h2 class="battle-history">Turn 5</h2><div class="chat message-error">d0nut has 285 seconds left.</div><div class="spacer battle-history"><br></div><div class="battle-history">d0nut withdrew Skarmory!<br></div><div class="battle-history">d0nut sent out <strong>Tyranitar</strong>!<br></div><div class="spacer battle-history"><br></div><div class="battle-history">wifebeater used <strong>Curse</strong>!<br></div><div class="battle-history"><small>wifebeater's Speed fell!</small><br></div><div class="battle-history"><small>wifebeater's Attack rose!</small><br></div><div class="battle-history"><small>wifebeater's Defense rose!</small><br></div><div class="spacer battle-history"><br></div><div class="battle-history"><small>wifebeater restored a little HP using its Leftovers!</small><br></div><div class="spacer battle-history"><br></div><h2 class="battle-history">Turn 6</h2><div class="spacer battle-history"><br></div><div class="battle-history">wifebeater used <strong>Double-Edge</strong>!<br></div><div class="battle-history"><small>It's not very effective...</small><br></div><div class="battle-history"><small>(The opposing Tyranitar lost 36% of its health!)</small><br></div><div class="battle-history"><small>wifebeater was damaged by the recoil!</small><br></div><div class="spacer battle-history"><br></div><div class="battle-history">The opposing Tyranitar used <strong>Roar</strong>!<br></div><div class="spacer battle-history"><br></div><div class="battle-history">kebab (<strong>Heracross</strong>) was dragged out!<br></div><div class="spacer battle-history"><br></div><div class="battle-history"><small>The opposing Tyranitar restored a little HP using its Leftovers!</small><br></div><div class="spacer battle-history"><br></div><h2 class="battle-history">Turn 7</h2><div class="chat message-error">Chool &amp; the Gang has 285 seconds left.</div><div class="chat message-error">d0nut has 285 seconds left.</div><div class="chat message-error">d0nut has 270 seconds left.</div><div class="spacer battle-history"><br></div><div class="battle-history">kebab, come back!<br></div><div class="battle-history">Go! HARD R (<strong>Cloyster</strong>)!<br></div><div class="spacer battle-history"><br></div><div class="battle-history">d0nut withdrew Tyranitar!<br></div><div class="battle-history">d0nut sent out <strong>Skarmory</strong>!<br></div><div class="spacer battle-history"><br></div><h2 class="battle-history">Turn 8</h2><div class="spacer battle-history"><br></div><div class="battle-history">HARD R used <strong>Spikes</strong>!<br></div><div class="battle-history"><small>Spikes were scattered on the ground all around the opposing team!</small><br></div><div class="spacer battle-history"><br></div><div class="battle-history">The opposing Skarmory is fast asleep.<br></div><div class="spacer battle-history"><br></div><h2 class="battle-history">Turn 9</h2><div class="spacer battle-history"><br></div><div class="battle-history">HARD R used <strong>Surf</strong>!<br></div><div class="battle-history"><small>(The opposing Skarmory lost 35% of its health!)</small><br></div><div class="battle-history"><small>The opposing Skarmory woke up!</small><br></div><div class="spacer battle-history"><br></div><div class="battle-history">The opposing Skarmory used <strong>Whirlwind</strong>!<br></div><div class="spacer battle-history"><br></div><div class="battle-history">ISYN (<strong>Raikou</strong>) was dragged out!<br></div><div class="spacer battle-history"><br></div><div class="battle-history"><small>The opposing Skarmory restored a little HP using its Leftovers!</small><br></div><div class="spacer battle-history"><br></div><h2 class="battle-history">Turn 10</h2><div class="spacer battle-history"><br></div><div class="battle-history">ISYN, come back!<br></div><div class="battle-history">Go! wifebeater (<strong>Snorlax</strong>)!<br></div><div class="spacer battle-history"><br></div><div class="battle-history">d0nut withdrew Skarmory!<br></div><div class="battle-history">d0nut sent out <strong>Snorlax</strong>!<br></div><div class="battle-history"><small>The opposing Snorlax was hurt by the spikes!</small><br></div><div class="spacer battle-history"><br></div><div class="battle-history"><small>wifebeater restored a little HP using its Leftovers!</small><br></div><div class="battle-history"><small>The opposing Snorlax restored a little HP using its Leftovers!</small><br></div><div class="spacer battle-history"><br></div><h2 class="battle-history">Turn 11</h2><div class="chat message-error">Chool &amp; the Gang has 285 seconds left.</div><div class="chat message-error">d0nut has 285 seconds left.</div><div class="chat message-error">Chool &amp; the Gang has 270 seconds left.</div><div class="spacer battle-history"><br></div><div class="battle-history">d0nut withdrew Snorlax!<br></div><div class="battle-history">d0nut sent out <strong>Tyranitar</strong>!<br></div><div class="battle-history"><small>The opposing Tyranitar was hurt by the spikes!</small><br></div><div class="spacer battle-history"><br></div><div class="battle-history">wifebeater used <strong>Lovely Kiss</strong>!<br></div><div class="battle-history"><small>The opposing Tyranitar fell asleep!</small><br></div><div class="spacer battle-history"><br></div><div class="battle-history"><small>The opposing Tyranitar restored a little HP using its Leftovers!</small><br></div><div class="battle-history"><small>wifebeater restored a little HP using its Leftovers!</small><br></div><div class="spacer battle-history"><br></div><h2 class="battle-history">Turn 12</h2><div class="spacer battle-history"><br></div><div class="battle-history">d0nut withdrew Tyranitar!<br></div><div class="battle-history">d0nut sent out <strong>Skarmory</strong>!<br></div><div class="spacer battle-history"><br></div><div class="battle-history">wifebeater, come back!<br></div><div class="battle-history">Go! HARD R (<strong>Cloyster</strong>)!<br></div><div class="spacer battle-history"><br></div><div class="battle-history"><small>The opposing Skarmory restored a little HP using its Leftovers!</small><br></div><div class="spacer battle-history"><br></div><h2 class="battle-history">Turn 13</h2><div class="chat message-error">d0nut has 285 seconds left.</div><div class="spacer battle-history"><br></div><div class="battle-history">d0nut withdrew Skarmory!<br></div><div class="battle-history">d0nut sent out <strong>Starmie</strong>!<br></div><div class="battle-history"><small>The opposing Starmie was hurt by the spikes!</small><br></div><div class="spacer battle-history"><br></div><div class="battle-history">HARD R used <strong>Surf</strong>!<br></div><div class="battle-history"><small>It's not very effective...</small><br></div><div class="battle-history"><small>(The opposing Starmie lost 17% of its health!)</small><br></div><div class="spacer battle-history"><br></div><div class="battle-history"><small>The opposing Starmie restored a little HP using its Leftovers!</small><br></div><div class="spacer battle-history"><br></div><h2 class="battle-history">Turn 14</h2><div class="spacer battle-history"><br></div><div class="battle-history">The opposing Starmie used <strong>Rapid Spin</strong>!<br></div><div class="battle-history"><small>(HARD R lost 3% of its health!)</small><br></div><div class="battle-history"><small>The spikes disappeared from the ground around the opposing team!</small><br></div><div class="spacer battle-history"><br></div><div class="battle-history">HARD R used <strong>Toxic</strong>!<br></div><div class="battle-history"><small>The opposing Starmie was badly poisoned!</small><br></div><div class="spacer battle-history"><br></div><div class="battle-history"><small>The opposing Starmie restored a little HP using its Leftovers!</small><br></div><div class="battle-history"><small>HARD R restored a little HP using its Leftovers!</small><br></div><div class="spacer battle-history"><br></div><h2 class="battle-history">Turn 15</h2><div class="spacer battle-history"><br></div><div class="battle-history">HARD R, come back!<br></div><div class="battle-history">Go! ISYN (<strong>Raikou</strong>)!<br></div><div class="spacer battle-history"><br></div><div class="battle-history">The opposing Starmie used <strong>Psychic</strong>!<br></div><div class="battle-history"><small>(ISYN lost 27% of its health!)</small><br></div><div class="battle-history"><small>The opposing Starmie was hurt by poison!</small><br></div><div class="spacer battle-history"><br></div><div class="battle-history"><small>The opposing Starmie restored a little HP using its Leftovers!</small><br></div><div class="battle-history"><small>ISYN restored a little HP using its Leftovers!</small><br></div><div class="spacer battle-history"><br></div><h2 class="battle-history">Turn 16</h2><div class="spacer battle-history"><br></div><div class="battle-history">ISYN, come back!<br></div><div class="battle-history">Go! wifebeater (<strong>Snorlax</strong>)!<br></div><div class="spacer battle-history"><br></div><div class="battle-history">d0nut withdrew Starmie!<br></div><div class="battle-history">d0nut sent out <strong>Snorlax</strong>!<br></div><div class="spacer battle-history"><br></div><div class="battle-history"><small>The opposing Snorlax restored a little HP using its Leftovers!</small><br></div><div class="spacer battle-history"><br></div><h2 class="battle-history">Turn 17</h2><div class="spacer battle-history"><br></div><div class="battle-history">wifebeater used <strong>Double-Edge</strong>!<br></div><div class="battle-history"><small>(The opposing Snorlax lost 38% of its health!)</small><br></div><div class="battle-history"><small>wifebeater was damaged by the recoil!</small><br></div><div class="spacer battle-history"><br></div><div class="battle-history">The opposing Snorlax used <strong>Double-Edge</strong>!<br></div><div class="battle-history"><small>(wifebeater lost 38% of its health!)</small><br></div><div class="battle-history"><small>The opposing Snorlax was damaged by the recoil!</small><br></div><div class="spacer battle-history"><br></div><div class="battle-history"><small>The opposing Snorlax restored a little HP using its Leftovers!</small><br></div><div class="battle-history"><small>wifebeater restored a little HP using its Leftovers!</small><br></div><div class="spacer battle-history"><br></div><h2 class="battle-history">Turn 18</h2><div class="spacer battle-history"><br></div><div class="battle-history">d0nut withdrew Snorlax!<br></div><div class="battle-history">d0nut sent out <strong>Skarmory</strong>!<br></div><div class="spacer battle-history"><br></div><div class="battle-history">wifebeater used <strong>Double-Edge</strong>!<br></div><div class="battle-history"><small>It's not very effective...</small><br></div><div class="battle-history"><small>(The opposing Skarmory lost 19% of its health!)</small><br></div><div class="battle-history"><small>wifebeater was damaged by the recoil!</small><br></div><div class="spacer battle-history"><br></div><div class="battle-history"><small>The opposing Skarmory restored a little HP using its Leftovers!</small><br></div><div class="battle-history"><small>wifebeater restored a little HP using its Leftovers!</small><br></div><div class="spacer battle-history"><br></div><h2 class="battle-history">Turn 19</h2><div class="chat message-error">Chool &amp; the Gang disconnected and has a minute to reconnect!</div><div class="chat chatmessage-tony"><strong style="color:#ac2791"><small>&amp;</small><span class="username" data-name="Tony">Tony</span>:</strong> <em>timer off d0nut?</em></div><div class="chat message-error">Chool &amp; the Gang reconnected and has 270 seconds left.</div><div class="spacer battle-history"><br></div><div class="battle-history">wifebeater, come back!<br></div><div class="battle-history">Go! ISYN (<strong>Raikou</strong>)!<br></div><div class="spacer battle-history"><br></div><div class="battle-history">The opposing Skarmory used <strong>Drill Peck</strong>!<br></div><div class="battle-history"><small>It's not very effective...</small><br></div><div class="battle-history"><small>(ISYN lost 12% of its health!)</small><br></div><div class="spacer battle-history"><br></div><div class="battle-history"><small>ISYN restored a little HP using its Leftovers!</small><br></div><div class="battle-history"><small>The opposing Skarmory restored a little HP using its Leftovers!</small><br></div><div class="spacer battle-history"><br></div><h2 class="battle-history">Turn 20</h2><div class="chat chatmessage-tony"><strong style="color:#ac2791"><small>&amp;</small><span class="username" data-name="Tony">Tony</span>:</strong> <em>never mind!</em></div><div class="spacer battle-history"><br></div><div class="battle-history">ISYN, come back!<br></div><div class="battle-history">Go! wifebeater (<strong>Snorlax</strong>)!<br></div><div class="spacer battle-history"><br></div><div class="battle-history">d0nut withdrew Skarmory!<br></div><div class="battle-history">d0nut sent out <strong>Raikou</strong>!<br></div><div class="spacer battle-history"><br></div><div class="battle-history"><small>wifebeater restored a little HP using its Leftovers!</small><br></div><div class="spacer battle-history"><br></div><h2 class="battle-history">Turn 21</h2><div class="spacer battle-history"><br></div><div class="battle-history">The opposing Raikou used <strong>Thunder</strong>!<br></div><div class="battle-history"><small>(wifebeater lost 28% of its health!)</small><br></div><div class="spacer battle-history"><br></div><div class="battle-history">wifebeater used <strong>Double-Edge</strong>!<br></div><div class="battle-history"><small>(The opposing Raikou lost 51% of its health!)</small><br></div><div class="battle-history"><small>wifebeater was damaged by the recoil!</small><br></div><div class="spacer battle-history"><br></div><div class="battle-history"><small>The opposing Raikou restored a little HP using its Leftovers!</small><br></div><div class="battle-history"><small>wifebeater restored a little HP using its Leftovers!</small><br></div><div class="spacer battle-history"><br></div><h2 class="battle-history">Turn 22</h2><div class="chat message-error">d0nut has 285 seconds left.</div><div class="chat message-error">d0nut has 270 seconds left.</div><div class="spacer battle-history"><br></div><div class="battle-history">d0nut withdrew Raikou!<br></div><div class="battle-history">d0nut sent out <strong>Snorlax</strong>!<br></div><div class="spacer battle-history"><br></div><div class="battle-history">wifebeater used <strong>Rest</strong>!<br></div><div class="battle-history"><small>wifebeater fell asleep!</small><br></div><div class="battle-history"><small>wifebeater slept and became healthy!</small><br></div><div class="spacer battle-history"><br></div><div class="battle-history"><small>The opposing Snorlax restored a little HP using its Leftovers!</small><br></div><div class="spacer battle-history"><br></div><h2 class="battle-history">Turn 23</h2><div class="spacer battle-history"><br></div><div class="battle-history">wifebeater, come back!<br></div><div class="battle-history">Go! kebab (<strong>Heracross</strong>)!<br></div><div class="spacer battle-history"><br></div><div class="battle-history">The opposing Snorlax used <strong>Curse</strong>!<br></div><div class="battle-history"><small>The opposing Snorlax's Speed fell!</small><br></div><div class="battle-history"><small>The opposing Snorlax's Attack rose!</small><br></div><div class="battle-history"><small>The opposing Snorlax's Defense rose!</small><br></div><div class="spacer battle-history"><br></div><div class="battle-history"><small>The opposing Snorlax restored a little HP using its Leftovers!</small><br></div><div class="spacer battle-history"><br></div><h2 class="battle-history">Turn 24</h2><div class="chat message-error">d0nut has 285 seconds left.</div><div class="chat message-error">Chool &amp; the Gang has 285 seconds left.</div><div class="spacer battle-history"><br></div><div class="battle-history">kebab used <strong>Megahorn</strong>!<br></div><div class="battle-history"><small>(The opposing Snorlax lost 28% of its health!)</small><br></div><div class="spacer battle-history"><br></div><div class="battle-history">The opposing Snorlax used <strong>Curse</strong>!<br></div><div class="battle-history"><small>The opposing Snorlax's Speed fell!</small><br></div><div class="battle-history"><small>The opposing Snorlax's Attack rose!</small><br></div><div class="battle-history"><small>The opposing Snorlax's Defense rose!</small><br></div><div class="spacer battle-history"><br></div><div class="battle-history"><small>The opposing Snorlax restored a little HP using its Leftovers!</small><br></div><div class="spacer battle-history"><br></div><h2 class="battle-history">Turn 25</h2><div class="spacer battle-history"><br></div><div class="battle-history">kebab used <strong>Megahorn</strong>!<br></div><div class="battle-history"><small>(The opposing Snorlax lost 19% of its health!)</small><br></div><div class="spacer battle-history"><br></div><div class="battle-history">The opposing Snorlax used <strong>Rest</strong>!<br></div><div class="battle-history"><small>The opposing Snorlax fell asleep!</small><br></div><div class="battle-history"><small>The opposing Snorlax slept and became healthy!</small><br></div><div class="spacer battle-history"><br></div><h2 class="battle-history">Turn 26</h2><div class="spacer battle-history"><br></div><div class="battle-history">kebab, come back!<br></div><div class="battle-history">Go! fucking brown man (<strong>Rhydon</strong>)!<br></div><div class="spacer battle-history"><br></div><div class="battle-history">The opposing Snorlax is fast asleep.<br></div><div class="spacer battle-history"><br></div><h2 class="battle-history">Turn 27</h2><div class="spacer battle-history"><br></div><div class="battle-history">The opposing Snorlax is fast asleep.<br></div><div class="spacer battle-history"><br></div><div class="battle-history">fucking brown man used <strong>Roar</strong>!<br></div><div class="spacer battle-history"><br></div><div class="battle-history"><strong>Raikou</strong> was dragged out!<br></div><div class="spacer battle-history"><br></div><div class="battle-history"><small>The opposing Raikou restored a little HP using its Leftovers!</small><br></div><div class="spacer battle-history"><br></div><h2 class="battle-history">Turn 28</h2><div class="spacer battle-history"><br></div><div class="battle-history">d0nut withdrew Raikou!<br></div><div class="battle-history">d0nut sent out <strong>Skarmory</strong>!<br></div><div class="spacer battle-history"><br></div><div class="battle-history">fucking brown man, come back!<br></div><div class="battle-history">Go! wifebeater (<strong>Snorlax</strong>)!<br></div><div class="spacer battle-history"><br></div><div class="battle-history"><small>The opposing Skarmory restored a little HP using its Leftovers!</small><br></div><div class="spacer battle-history"><br></div><h2 class="battle-history">Turn 29</h2><div class="spacer battle-history"><br></div><div class="battle-history">d0nut withdrew Skarmory!<br></div><div class="battle-history">d0nut sent out <strong>Snorlax</strong>!<br></div><div class="spacer battle-history"><br></div><div class="battle-history">wifebeater, come back!<br></div><div class="battle-history">Go! HARD R (<strong>Cloyster</strong>)!<br></div><div class="spacer battle-history"><br></div><h2 class="battle-history">Turn 30</h2><div class="spacer battle-history"><br></div><div class="battle-history">HARD R used <strong>Spikes</strong>!<br></div><div class="battle-history"><small>Spikes were scattered on the ground all around the opposing team!</small><br></div><div class="battle-history"><small>The opposing Snorlax woke up!</small><br></div><div class="spacer battle-history"><br></div><div class="battle-history">The opposing Snorlax used <strong>Double-Edge</strong>!<br></div><div class="battle-history"><small>(HARD R lost 29% of its health!)</small><br></div><div class="battle-history"><small>The opposing Snorlax was damaged by the recoil!</small><br></div><div class="spacer battle-history"><br></div><div class="battle-history"><small>HARD R restored a little HP using its Leftovers!</small><br></div><div class="battle-history"><small>The opposing Snorlax restored a little HP using its Leftovers!</small><br></div><div class="spacer battle-history"><br></div><h2 class="battle-history">Turn 31</h2><div class="spacer battle-history"><br></div><div class="battle-history">HARD R used <strong>Toxic</strong>!<br></div><div class="battle-history"><small>The opposing Snorlax was badly poisoned!</small><br></div><div class="spacer battle-history"><br></div><div class="battle-history">The opposing Snorlax used <strong>Double-Edge</strong>!<br></div><div class="battle-history"><small>(HARD R lost 30% of its health!)</small><br></div><div class="battle-history"><small>The opposing Snorlax was damaged by the recoil!</small><br></div><div class="battle-history"><small>The opposing Snorlax was hurt by poison!</small><br></div><div class="spacer battle-history"><br></div><div class="battle-history"><small>HARD R restored a little HP using its Leftovers!</small><br></div><div class="battle-history"><small>The opposing Snorlax restored a little HP using its Leftovers!</small><br></div><div class="spacer battle-history"><br></div><h2 class="battle-history">Turn 32</h2><div class="chat message-error">d0nut has 285 seconds left.</div><div class="spacer battle-history"><br></div><div class="battle-history">HARD R, come back!<br></div><div class="battle-history">Go! kebab (<strong>Heracross</strong>)!<br></div><div class="spacer battle-history"><br></div><div class="battle-history">The opposing Snorlax used <strong>Thunder</strong>!<br></div><div class="battle-history"><small>The opposing Snorlax's attack missed!</small><br></div><div class="battle-history"><small>The opposing Snorlax was hurt by poison!</small><br></div><div class="spacer battle-history"><br></div><div class="battle-history"><small>The opposing Snorlax restored a little HP using its Leftovers!</small><br></div><div class="spacer battle-history"><br></div><h2 class="battle-history">Turn 33</h2><div class="chat message-error">Chool &amp; the Gang has 285 seconds left.</div><div class="spacer battle-history"><br></div><div class="battle-history">d0nut withdrew Snorlax!<br></div><div class="battle-history">d0nut sent out <strong>Skarmory</strong>!<br></div><div class="spacer battle-history"><br></div><div class="battle-history">kebab used <strong>Megahorn</strong>!<br></div><div class="battle-history"><small>kebab's attack missed!</small><br></div><div class="spacer battle-history"><br></div><div class="battle-history"><small>The opposing Skarmory restored a little HP using its Leftovers!</small><br></div><div class="spacer battle-history"><br></div><h2 class="battle-history">Turn 34</h2><div class="spacer battle-history"><br></div><div class="battle-history">kebab, come back!<br></div><div class="battle-history">Go! ISYN (<strong>Raikou</strong>)!<br></div><div class="spacer battle-history"><br></div><div class="battle-history">The opposing Skarmory used <strong>Whirlwind</strong>!<br></div><div class="spacer battle-history"><br></div><div class="battle-history">kebab (<strong>Heracross</strong>) was dragged out!<br></div><div class="spacer battle-history"><br></div><div class="battle-history"><small>The opposing Skarmory restored a little HP using its Leftovers!</small><br></div><div class="spacer battle-history"><br></div><h2 class="battle-history">Turn 35</h2><div class="spacer battle-history"><br></div><div class="battle-history">kebab, come back!<br></div><div class="battle-history">Go! ISYN (<strong>Raikou</strong>)!<br></div><div class="spacer battle-history"><br></div><div class="battle-history">The opposing Skarmory used <strong>Drill Peck</strong>!<br></div><div class="battle-history"><small>It's not very effective...</small><br></div><div class="battle-history"><small>(ISYN lost 13% of its health!)</small><br></div><div class="spacer battle-history"><br></div><div class="battle-history"><small>ISYN restored a little HP using its Leftovers!</small><br></div><div class="battle-history"><small>The opposing Skarmory restored a little HP using its Leftovers!</small><br></div><div class="spacer battle-history"><br></div><h2 class="battle-history">Turn 36</h2><div class="spacer battle-history"><br></div><div class="battle-history">d0nut withdrew Skarmory!<br></div><div class="battle-history">d0nut sent out <strong>Raikou</strong>!<br></div><div class="battle-history"><small>The opposing Raikou was hurt by the spikes!</small><br></div><div class="spacer battle-history"><br></div><div class="battle-history">ISYN used <strong>Thunder</strong>!<br></div><div class="battle-history"><small>ISYN's attack missed!</small><br></div><div class="spacer battle-history"><br></div><div class="battle-history"><small>The opposing Raikou restored a little HP using its Leftovers!</small><br></div><div class="battle-history"><small>ISYN restored a little HP using its Leftovers!</small><br></div><div class="spacer battle-history"><br></div><h2 class="battle-history">Turn 37</h2><div class="chat message-error">d0nut has 285 seconds left.</div><div class="spacer battle-history"><br></div><div class="battle-history">ISYN used <strong>Thunder</strong>!<br></div><div class="battle-history"><small>ISYN's attack missed!</small><br></div><div class="spacer battle-history"><br></div><div class="battle-history">The opposing Raikou used <strong>Thunder</strong>!<br></div><div class="battle-history"><small>It's not very effective...</small><br></div><div class="battle-history"><small>(ISYN lost 21% of its health!)</small><br></div><div class="battle-history"><small>ISYN is paralyzed! It may be unable to move!</small><br></div><div class="spacer battle-history"><br></div><div class="battle-history"><small>The opposing Raikou restored a little HP using its Leftovers!</small><br></div><div class="battle-history"><small>ISYN restored a little HP using its Leftovers!</small><br></div><div class="spacer battle-history"><br></div><h2 class="battle-history">Turn 38</h2><div class="chat message-error">d0nut has 285 seconds left.</div><div class="spacer battle-history"><br></div><div class="battle-history">d0nut withdrew Raikou!<br></div><div class="battle-history">d0nut sent out <strong>Snorlax</strong>!<br></div><div class="battle-history"><small>The opposing Snorlax was poisoned!</small><br></div><div class="battle-history"><small>The opposing Snorlax was hurt by the spikes!</small><br></div><div class="battle-history"><small>The opposing Snorlax was hurt by poison!</small><br></div><div class="spacer battle-history"><br></div><div class="battle-history">ISYN is paralyzed! It can't move!<br></div><div class="spacer battle-history"><br></div><div class="battle-history"><small>The opposing Snorlax restored a little HP using its Leftovers!</small><br></div><div class="battle-history"><small>ISYN restored a little HP using its Leftovers!</small><br></div><div class="spacer battle-history"><br></div><h2 class="battle-history">Turn 39</h2><div class="spacer battle-history"><br></div><div class="battle-history">ISYN, come back!<br></div><div class="battle-history">Go! fucking brown man (<strong>Rhydon</strong>)!<br></div><div class="spacer battle-history"><br></div><div class="battle-history">The opposing Snorlax used <strong>Curse</strong>!<br></div><div class="battle-history"><small>The opposing Snorlax's Speed fell!</small><br></div><div class="battle-history"><small>The opposing Snorlax's Attack rose!</small><br></div><div class="battle-history"><small>The opposing Snorlax's Defense rose!</small><br></div><div class="battle-history"><small>The opposing Snorlax was hurt by poison!</small><br></div><div class="spacer battle-history"><br></div><div class="battle-history"><small>The opposing Snorlax restored a little HP using its Leftovers!</small><br></div><div class="spacer battle-history"><br></div><h2 class="battle-history">Turn 40</h2><div class="spacer battle-history"><br></div><div class="battle-history">fucking brown man used <strong>Curse</strong>!<br></div><div class="battle-history"><small>fucking brown man's Speed fell!</small><br></div><div class="battle-history"><small>fucking brown man's Attack rose!</small><br></div><div class="battle-history"><small>fucking brown man's Defense rose!</small><br></div><div class="spacer battle-history"><br></div><div class="battle-history">The opposing Snorlax used <strong>Rest</strong>!<br></div><div class="battle-history"><small>The opposing Snorlax fell asleep!</small><br></div><div class="battle-history"><small>The opposing Snorlax slept and became healthy!</small><br></div><div class="spacer battle-history"><br></div><h2 class="battle-history">Turn 41</h2><div class="spacer battle-history"><br></div><div class="battle-history">d0nut withdrew Snorlax!<br></div><div class="battle-history">d0nut sent out <strong>Skarmory</strong>!<br></div><div class="spacer battle-history"><br></div><div class="battle-history">fucking brown man used <strong>Rock Slide</strong>!<br></div><div class="battle-history"><small>(The opposing Skarmory lost 37% of its health!)</small><br></div><div class="spacer battle-history"><br></div><div class="battle-history"><small>The opposing Skarmory restored a little HP using its Leftovers!</small><br></div><div class="spacer battle-history"><br></div><h2 class="battle-history">Turn 42</h2><div class="spacer battle-history"><br></div><div class="battle-history">fucking brown man, come back!<br></div><div class="battle-history">Go! ISYN (<strong>Raikou</strong>)!<br></div><div class="spacer battle-history"><br></div><div class="battle-history">The opposing Skarmory used <strong>Curse</strong>!<br></div><div class="battle-history"><small>The opposing Skarmory's Speed fell!</small><br></div><div class="battle-history"><small>The opposing Skarmory's Attack rose!</small><br></div><div class="battle-history"><small>The opposing Skarmory's Defense rose!</small><br></div><div class="spacer battle-history"><br></div><div class="battle-history"><small>The opposing Skarmory restored a little HP using its Leftovers!</small><br></div><div class="battle-history"><small>ISYN restored a little HP using its Leftovers!</small><br></div><div class="spacer battle-history"><br></div><h2 class="battle-history">Turn 43</h2><div class="spacer battle-history"><br></div><div class="battle-history">d0nut withdrew Skarmory!<br></div><div class="battle-history">d0nut sent out <strong>Snorlax</strong>!<br></div><div class="battle-history"><small>The opposing Snorlax was hurt by the spikes!</small><br></div><div class="spacer battle-history"><br></div><div class="battle-history">ISYN is paralyzed! It can't move!<br></div><div class="spacer battle-history"><br></div><div class="battle-history"><small>The opposing Snorlax restored a little HP using its Leftovers!</small><br></div><div class="battle-history"><small>ISYN restored a little HP using its Leftovers!</small><br></div><div class="spacer battle-history"><br></div><h2 class="battle-history">Turn 44</h2><div class="spacer battle-history"><br></div><div class="battle-history">ISYN, come back!<br></div><div class="battle-history">Go! fucking brown man (<strong>Rhydon</strong>)!<br></div><div class="spacer battle-history"><br></div><div class="battle-history">The opposing Snorlax is fast asleep.<br></div><div class="spacer battle-history"><br></div><div class="battle-history"><small>The opposing Snorlax restored a little HP using its Leftovers!</small><br></div><div class="spacer battle-history"><br></div><h2 class="battle-history">Turn 45</h2><div class="spacer battle-history"><br></div><div class="battle-history">d0nut withdrew Snorlax!<br></div><div class="battle-history">d0nut sent out <strong>Skarmory</strong>!<br></div><div class="spacer battle-history"><br></div><div class="battle-history">fucking brown man used <strong>Roar</strong>!<br></div><div class="spacer battle-history"><br></div><div class="battle-history"><strong>Snorlax</strong> was dragged out!<br></div><div class="battle-history"><small>The opposing Snorlax was hurt by the spikes!</small><br></div><div class="spacer battle-history"><br></div><div class="battle-history"><small>The opposing Snorlax restored a little HP using its Leftovers!</small><br></div><div class="spacer battle-history"><br></div><h2 class="battle-history">Turn 46</h2><div class="spacer battle-history"><br></div><div class="battle-history">d0nut withdrew Snorlax!<br></div><div class="battle-history">d0nut sent out <strong>Skarmory</strong>!<br></div><div class="spacer battle-history"><br></div><div class="battle-history">fucking brown man used <strong>Curse</strong>!<br></div><div class="battle-history"><small>fucking brown man's Speed fell!</small><br></div><div class="battle-history"><small>fucking brown man's Attack rose!</small><br></div><div class="battle-history"><small>fucking brown man's Defense rose!</small><br></div><div class="spacer battle-history"><br></div><div class="battle-history"><small>The opposing Skarmory restored a little HP using its Leftovers!</small><br></div><div class="spacer battle-history"><br></div><h2 class="battle-history">Turn 47</h2><div class="spacer battle-history"><br></div><div class="battle-history">The opposing Skarmory used <strong>Curse</strong>!<br></div><div class="battle-history"><small>The opposing Skarmory's Speed fell!</small><br></div><div class="battle-history"><small>The opposing Skarmory's Attack rose!</small><br></div><div class="battle-history"><small>The opposing Skarmory's Defense rose!</small><br></div><div class="spacer battle-history"><br></div><div class="battle-history">fucking brown man used <strong>Roar</strong>!<br></div><div class="spacer battle-history"><br></div><div class="battle-history"><strong>Snorlax</strong> was dragged out!<br></div><div class="battle-history"><small>The opposing Snorlax was hurt by the spikes!</small><br></div><div class="spacer battle-history"><br></div><div class="battle-history"><small>The opposing Snorlax restored a little HP using its Leftovers!</small><br></div><div class="spacer battle-history"><br></div><h2 class="battle-history">Turn 48</h2><div class="spacer battle-history"><br></div><div class="battle-history">d0nut withdrew Snorlax!<br></div><div class="battle-history">d0nut sent out <strong>Skarmory</strong>!<br></div><div class="spacer battle-history"><br></div><div class="battle-history">fucking brown man used <strong>Earthquake</strong>!<br></div><div class="battle-history"><small>It doesn't affect the opposing Skarmory...</small><br></div><div class="spacer battle-history"><br></div><div class="battle-history"><small>The opposing Skarmory restored a little HP using its Leftovers!</small><br></div><div class="spacer battle-history"><br></div><h2 class="battle-history">Turn 49</h2><div class="spacer battle-history"><br></div><div class="battle-history">The opposing Skarmory used <strong>Whirlwind</strong>!<br></div><div class="battle-history"><small>But it failed!</small><br></div><div class="spacer battle-history"><br></div><div class="battle-history">fucking brown man used <strong>Roar</strong>!<br></div><div class="spacer battle-history"><br></div><div class="battle-history"><strong>Raikou</strong> was dragged out!<br></div><div class="battle-history"><small>The opposing Raikou was hurt by the spikes!</small><br></div><div class="spacer battle-history"><br></div><div class="battle-history"><small>The opposing Raikou restored a little HP using its Leftovers!</small><br></div><div class="spacer battle-history"><br></div><h2 class="battle-history">Turn 50</h2><div class="spacer battle-history"><br></div><div class="battle-history">d0nut withdrew Raikou!<br></div><div class="battle-history">d0nut sent out <strong>Skarmory</strong>!<br></div><div class="spacer battle-history"><br></div><div class="battle-history">fucking brown man used <strong>Earthquake</strong>!<br></div><div class="battle-history"><small>It doesn't affect the opposing Skarmory...</small><br></div><div class="spacer battle-history"><br></div><div class="battle-history"><small>The opposing Skarmory restored a little HP using its Leftovers!</small><br></div><div class="spacer battle-history"><br></div><h2 class="battle-history">Turn 51</h2><div class="spacer battle-history"><br></div><div class="battle-history">The opposing Skarmory used <strong>Whirlwind</strong>!<br></div><div class="battle-history"><small>But it failed!</small><br></div><div class="spacer battle-history"><br></div><div class="battle-history">fucking brown man used <strong>Roar</strong>!<br></div><div class="spacer battle-history"><br></div><div class="battle-history"><strong>Tyranitar</strong> was dragged out!<br></div><div class="battle-history"><small>The opposing Tyranitar was hurt by the spikes!</small><br></div><div class="spacer battle-history"><br></div><div class="battle-history"><small>The opposing Tyranitar restored a little HP using its Leftovers!</small><br></div><div class="spacer battle-history"><br></div><h2 class="battle-history">Turn 52</h2><div class="spacer battle-history"><br></div><div class="battle-history">d0nut withdrew Tyranitar!<br></div><div class="battle-history">d0nut sent out <strong>Skarmory</strong>!<br></div><div class="spacer battle-history"><br></div><div class="battle-history">fucking brown man used <strong>Rock Slide</strong>!<br></div><div class="battle-history"><small>(The opposing Skarmory lost 35% of its health!)</small><br></div><div class="spacer battle-history"><br></div><div class="battle-history"><small>The opposing Skarmory restored a little HP using its Leftovers!</small><br></div><div class="spacer battle-history"><br></div><h2 class="battle-history">Turn 53</h2><div class="spacer battle-history"><br></div><div class="battle-history">The opposing Skarmory used <strong>Whirlwind</strong>!<br></div><div class="battle-history"><small>But it failed!</small><br></div><div class="spacer battle-history"><br></div><div class="battle-history">fucking brown man used <strong>Roar</strong>!<br></div><div class="spacer battle-history"><br></div><div class="battle-history"><strong>Tyranitar</strong> was dragged out!<br></div><div class="battle-history"><small>The opposing Tyranitar was hurt by the spikes!</small><br></div><div class="spacer battle-history"><br></div><div class="battle-history"><small>The opposing Tyranitar restored a little HP using its Leftovers!</small><br></div><div class="spacer battle-history"><br></div><h2 class="battle-history">Turn 54</h2><div class="chat message-error">d0nut has 285 seconds left.</div><div class="chat message-error">d0nut has 270 seconds left.</div><div class="spacer battle-history"><br></div><div class="battle-history">d0nut withdrew Tyranitar!<br></div><div class="battle-history">d0nut sent out <strong>Skarmory</strong>!<br></div><div class="spacer battle-history"><br></div><div class="battle-history">fucking brown man used <strong>Rock Slide</strong>!<br></div><div class="battle-history"><small>(The opposing Skarmory lost 40% of its health!)</small><br></div><div class="spacer battle-history"><br></div><div class="battle-history"><small>The opposing Skarmory restored a little HP using its Leftovers!</small><br></div><div class="spacer battle-history"><br></div><h2 class="battle-history">Turn 55</h2><div class="chat message-error">d0nut has 285 seconds left.</div><div class="spacer battle-history"><br></div><div class="battle-history">The opposing Skarmory used <strong>Rest</strong>!<br></div><div class="battle-history"><small>The opposing Skarmory fell asleep!</small><br></div><div class="battle-history"><small>The opposing Skarmory slept and became healthy!</small><br></div><div class="spacer battle-history"><br></div><div class="battle-history">fucking brown man used <strong>Rock Slide</strong>!<br></div><div class="battle-history"><small>(The opposing Skarmory lost 39% of its health!)</small><br></div><div class="spacer battle-history"><br></div><div class="battle-history"><small>The opposing Skarmory restored a little HP using its Leftovers!</small><br></div><div class="spacer battle-history"><br></div><h2 class="battle-history">Turn 56</h2><div class="spacer battle-history"><br></div><div class="battle-history">The opposing Skarmory is fast asleep.<br></div><div class="spacer battle-history"><br></div><div class="battle-history">fucking brown man used <strong>Rock Slide</strong>!<br></div><div class="battle-history"><small>(The opposing Skarmory lost 35% of its health!)</small><br></div><div class="spacer battle-history"><br></div><div class="battle-history"><small>The opposing Skarmory restored a little HP using its Leftovers!</small><br></div><div class="spacer battle-history"><br></div><h2 class="battle-history">Turn 57</h2><div class="spacer battle-history"><br></div><div class="battle-history">The opposing Skarmory is fast asleep.<br></div><div class="spacer battle-history"><br></div><div class="battle-history">fucking brown man used <strong>Rock Slide</strong>!<br></div><div class="battle-history"><small>(The opposing Skarmory lost 38% of its health!)</small><br></div><div class="spacer battle-history"><br></div><div class="battle-history">The opposing Skarmory fainted!<br></div><div class="spacer battle-history"><br></div><div class="battle-history">d0nut sent out <strong>Starmie</strong>!<br></div><div class="battle-history"><small>The opposing Starmie was poisoned!</small><br></div><div class="battle-history"><small>The opposing Starmie was hurt by the spikes!</small><br></div><div class="spacer battle-history"><br></div><div class="battle-history"><small>The opposing Starmie restored a little HP using its Leftovers!</small><br></div><div class="spacer battle-history"><br></div><h2 class="battle-history">Turn 58</h2><div class="chat message-error">Chool &amp; the Gang has 285 seconds left.</div><div class="chat message-error">Chool &amp; the Gang has 270 seconds left.</div><div class="spacer battle-history"><br></div><div class="battle-history">fucking brown man, come back!<br></div><div class="battle-history">Go! kebab (<strong>Heracross</strong>)!<br></div><div class="spacer battle-history"><br></div><div class="battle-history">The opposing Starmie used <strong>Surf</strong>!<br></div><div class="battle-history"><small>(kebab lost 29% of its health!)</small><br></div><div class="battle-history"><small>The opposing Starmie was hurt by poison!</small><br></div><div class="spacer battle-history"><br></div><div class="battle-history"><small>The opposing Starmie restored a little HP using its Leftovers!</small><br></div><div class="battle-history"><small>kebab restored a little HP using its Leftovers!</small><br></div><div class="spacer battle-history"><br></div><h2 class="battle-history">Turn 59</h2><div class="chat message-error">Chool &amp; the Gang has 285 seconds left.</div><div class="chat message-error">d0nut has 285 seconds left.</div><div class="spacer battle-history"><br></div><div class="battle-history">d0nut withdrew Starmie!<br></div><div class="battle-history">d0nut sent out <strong>Heracross</strong>!<br></div><div class="battle-history"><small>The opposing Heracross was hurt by the spikes!</small><br></div><div class="spacer battle-history"><br></div><div class="battle-history">kebab used <strong>Megahorn</strong>!<br></div><div class="battle-history"><small>It's not very effective...</small><br></div><div class="battle-history"><small>(The opposing Heracross lost 25% of its health!)</small><br></div><div class="spacer battle-history"><br></div><div class="battle-history"><small>The opposing Heracross restored a little HP using its Leftovers!</small><br></div><div class="battle-history"><small>kebab restored a little HP using its Leftovers!</small><br></div><div class="spacer battle-history"><br></div><h2 class="battle-history">Turn 60</h2><div class="chat message-error">Chool &amp; the Gang has 285 seconds left.</div><div class="chat message-error">Chool &amp; the Gang has 270 seconds left.</div><div class="spacer battle-history"><br></div><div class="battle-history">The opposing Heracross used <strong>Seismic Toss</strong>!<br></div><div class="battle-history"><small>(kebab lost 27% of its health!)</small><br></div><div class="spacer battle-history"><br></div><div class="battle-history">kebab used <strong>Seismic Toss</strong>!<br></div><div class="battle-history"><small>(The opposing Heracross lost 28% of its health!)</small><br></div><div class="spacer battle-history"><br></div><div class="battle-history"><small>The opposing Heracross restored a little HP using its Leftovers!</small><br></div><div class="battle-history"><small>kebab restored a little HP using its Leftovers!</small><br></div><div class="spacer battle-history"><br></div><h2 class="battle-history">Turn 61</h2><div class="chat message-error">Chool &amp; the Gang has 285 seconds left.</div><div class="spacer battle-history"><br></div><div class="battle-history">The opposing Heracross used <strong>Rest</strong>!<br></div><div class="battle-history"><small>The opposing Heracross fell asleep!</small><br></div><div class="battle-history"><small>The opposing Heracross slept and became healthy!</small><br></div><div class="spacer battle-history"><br></div><div class="battle-history">kebab used <strong>Seismic Toss</strong>!<br></div><div class="battle-history"><small>(The opposing Heracross lost 27% of its health!)</small><br></div><div class="spacer battle-history"><br></div><div class="battle-history"><small>kebab restored a little HP using its Leftovers!</small><br></div><div class="battle-history"><small>The opposing Heracross restored a little HP using its Leftovers!</small><br></div><div class="spacer battle-history"><br></div><h2 class="battle-history">Turn 62</h2><div class="spacer battle-history"><br></div><div class="battle-history">kebab used <strong>Rest</strong>!<br></div><div class="battle-history"><small>kebab fell asleep!</small><br></div><div class="battle-history"><small>kebab slept and became healthy!</small><br></div><div class="spacer battle-history"><br></div><div class="battle-history">The opposing Heracross is fast asleep.<br></div><div class="spacer battle-history"><br></div><div class="battle-history">The opposing Heracross used <strong>Sleep Talk</strong>!<br></div><div class="spacer battle-history"><br></div><div class="battle-history">The opposing Heracross used <strong>Seismic Toss</strong>!<br></div><div class="battle-history"><small>(kebab lost 27% of its health!)</small><br></div><div class="spacer battle-history"><br></div><div class="battle-history"><small>The opposing Heracross restored a little HP using its Leftovers!</small><br></div><div class="battle-history"><small>kebab restored a little HP using its Leftovers!</small><br></div><div class="spacer battle-history"><br></div><h2 class="battle-history">Turn 63</h2><div class="spacer battle-history"><br></div><div class="battle-history">kebab is fast asleep.<br></div><div class="spacer battle-history"><br></div><div class="battle-history">The opposing Heracross is fast asleep.<br></div><div class="spacer battle-history"><br></div><div class="battle-history">The opposing Heracross used <strong>Sleep Talk</strong>!<br></div><div class="spacer battle-history"><br></div><div class="battle-history">The opposing Heracross used <strong>Megahorn</strong>!<br></div><div class="battle-history"><small>It's not very effective...</small><br></div><div class="battle-history"><small>(kebab lost 28% of its health!)</small><br></div><div class="spacer battle-history"><br></div><div class="battle-history"><small>The opposing Heracross restored a little HP using its Leftovers!</small><br></div><div class="battle-history"><small>kebab restored a little HP using its Leftovers!</small><br></div><div class="spacer battle-history"><br></div><h2 class="battle-history">Turn 64</h2><div class="spacer battle-history"><br></div><div class="battle-history">kebab is fast asleep.<br></div><div class="spacer battle-history"><br></div><div class="battle-history">kebab used <strong>Sleep Talk</strong>!<br></div><div class="spacer battle-history"><br></div><div class="battle-history">kebab used <strong>Rest</strong>!<br></div><div class="battle-history"><small>kebab slept and became healthy!</small><br></div><div class="battle-history"><small>The opposing Heracross woke up!</small><br></div><div class="spacer battle-history"><br></div><div class="battle-history">The opposing Heracross used <strong>Megahorn</strong>!<br></div><div class="battle-history"><small>A critical hit!</small><br></div><div class="battle-history"><small>It's not very effective...</small><br></div><div class="battle-history"><small>(kebab lost 49% of its health!)</small><br></div><div class="spacer battle-history"><br></div><div class="battle-history"><small>The opposing Heracross restored a little HP using its Leftovers!</small><br></div><div class="battle-history"><small>kebab restored a little HP using its Leftovers!</small><br></div><div class="spacer battle-history"><br></div><h2 class="battle-history">Turn 65</h2><div class="spacer battle-history"><br></div><div class="battle-history">kebab is fast asleep.<br></div><div class="spacer battle-history"><br></div><div class="battle-history">kebab used <strong>Sleep Talk</strong>!<br></div><div class="spacer battle-history"><br></div><div class="battle-history">kebab used <strong>Seismic Toss</strong>!<br></div><div class="battle-history"><small>(The opposing Heracross lost 27% of its health!)</small><br></div><div class="spacer battle-history"><br></div><div class="battle-history">The opposing Heracross used <strong>Megahorn</strong>!<br></div><div class="battle-history"><small>It's not very effective...</small><br></div><div class="battle-history"><small>(kebab lost 28% of its health!)</small><br></div><div class="spacer battle-history"><br></div><div class="battle-history"><small>kebab restored a little HP using its Leftovers!</small><br></div><div class="battle-history"><small>The opposing Heracross restored a little HP using its Leftovers!</small><br></div><div class="spacer battle-history"><br></div><h2 class="battle-history">Turn 66</h2><div class="spacer battle-history"><br></div><div class="battle-history">kebab is fast asleep.<br></div><div class="spacer battle-history"><br></div><div class="battle-history">kebab used <strong>Sleep Talk</strong>!<br></div><div class="spacer battle-history"><br></div><div class="battle-history">kebab used <strong>Megahorn</strong>!<br></div><div class="battle-history"><small>It's not very effective...</small><br></div><div class="battle-history"><small>(The opposing Heracross lost 26% of its health!)</small><br></div><div class="spacer battle-history"><br></div><div class="battle-history">The opposing Heracross used <strong>Megahorn</strong>!<br></div><div class="battle-history"><small>The opposing Heracross's attack missed!</small><br></div><div class="spacer battle-history"><br></div><div class="battle-history"><small>The opposing Heracross restored a little HP using its Leftovers!</small><br></div><div class="battle-history"><small>kebab restored a little HP using its Leftovers!</small><br></div><div class="spacer battle-history"><br></div><h2 class="battle-history">Turn 67</h2><div class="spacer battle-history"><br></div><div class="battle-history">The opposing Heracross used <strong>Megahorn</strong>!<br></div><div class="battle-history"><small>The opposing Heracross's attack missed!</small><br></div><div class="battle-history"><small>kebab woke up!</small><br></div><div class="spacer battle-history"><br></div><div class="battle-history">kebab used <strong>Rest</strong>!<br></div><div class="battle-history"><small>kebab fell asleep!</small><br></div><div class="battle-history"><small>kebab slept and became healthy!</small><br></div><div class="spacer battle-history"><br></div><div class="battle-history"><small>The opposing Heracross restored a little HP using its Leftovers!</small><br></div><div class="spacer battle-history"><br></div><h2 class="battle-history">Turn 68</h2><div class="spacer battle-history"><br></div><div class="battle-history">kebab is fast asleep.<br></div><div class="spacer battle-history"><br></div><div class="battle-history">The opposing Heracross used <strong>Rest</strong>!<br></div><div class="battle-history"><small>The opposing Heracross fell asleep!</small><br></div><div class="battle-history"><small>The opposing Heracross slept and became healthy!</small><br></div><div class="spacer battle-history"><br></div><h2 class="battle-history">Turn 69</h2><div class="spacer battle-history"><br></div><div class="battle-history">The opposing Heracross is fast asleep.<br></div><div class="spacer battle-history"><br></div><div class="battle-history">kebab is fast asleep.<br></div><div class="spacer battle-history"><br></div><h2 class="battle-history">Turn 70</h2><div class="spacer battle-history"><br></div><div class="battle-history">kebab, come back!<br></div><div class="battle-history">Go! HARD R (<strong>Cloyster</strong>)!<br></div><div class="spacer battle-history"><br></div><div class="battle-history">The opposing Heracross is fast asleep.<br></div><div class="spacer battle-history"><br></div><div class="battle-history"><small>HARD R restored a little HP using its Leftovers!</small><br></div><div class="spacer battle-history"><br></div><h2 class="battle-history">Turn 71</h2><div class="spacer battle-history"><br></div><div class="battle-history">HARD R, come back!<br></div><div class="battle-history">Go! kebab (<strong>Heracross</strong>)!<br></div><div class="battle-history"><small>The opposing Heracross woke up!</small><br></div><div class="spacer battle-history"><br></div><div class="battle-history">The opposing Heracross used <strong>Megahorn</strong>!<br></div><div class="battle-history"><small>It's not very effective...</small><br></div><div class="battle-history"><small>(kebab lost 25% of its health!)</small><br></div><div class="spacer battle-history"><br></div><div class="battle-history"><small>kebab restored a little HP using its Leftovers!</small><br></div><div class="spacer battle-history"><br></div><h2 class="battle-history">Turn 72</h2><div class="spacer battle-history"><br></div><div class="battle-history">The opposing Heracross used <strong>Seismic Toss</strong>!<br></div><div class="battle-history"><small>(kebab lost 27% of its health!)</small><br></div><div class="battle-history"><small>kebab woke up!</small><br></div><div class="spacer battle-history"><br></div><div class="battle-history">kebab used <strong>Megahorn</strong>!<br></div><div class="battle-history"><small>It's not very effective...</small><br></div><div class="battle-history"><small>(The opposing Heracross lost 27% of its health!)</small><br></div><div class="spacer battle-history"><br></div><div class="battle-history"><small>kebab restored a little HP using its Leftovers!</small><br></div><div class="battle-history"><small>The opposing Heracross restored a little HP using its Leftovers!</small><br></div><div class="spacer battle-history"><br></div><h2 class="battle-history">Turn 73</h2><div class="spacer battle-history"><br></div><div class="battle-history">The opposing Heracross used <strong>Seismic Toss</strong>!<br></div><div class="battle-history"><small>(kebab lost 28% of its health!)</small><br></div><div class="spacer battle-history"><br></div><div class="battle-history">kebab used <strong>Rest</strong>!<br></div><div class="battle-history"><small>kebab fell asleep!</small><br></div><div class="battle-history"><small>kebab slept and became healthy!</small><br></div><div class="spacer battle-history"><br></div><div class="battle-history"><small>The opposing Heracross restored a little HP using its Leftovers!</small><br></div><div class="spacer battle-history"><br></div><h2 class="battle-history">Turn 74</h2><div class="spacer battle-history"><br></div><div class="battle-history">The opposing Heracross used <strong>Seismic Toss</strong>!<br></div><div class="battle-history"><small>(kebab lost 27% of its health!)</small><br></div><div class="spacer battle-history"><br></div><div class="battle-history">kebab is fast asleep.<br></div><div class="spacer battle-history"><br></div><div class="battle-history">kebab used <strong>Sleep Talk</strong>!<br></div><div class="spacer battle-history"><br></div><div class="battle-history">kebab used <strong>Rest</strong>!<br></div><div class="battle-history"><small>kebab slept and became healthy!</small><br></div><div class="spacer battle-history"><br></div><div class="battle-history"><small>The opposing Heracross restored a little HP using its Leftovers!</small><br></div><div class="spacer battle-history"><br></div><h2 class="battle-history">Turn 75</h2><div class="spacer battle-history"><br></div><div class="battle-history">The opposing Heracross used <strong>Seismic Toss</strong>!<br></div><div class="battle-history"><small>(kebab lost 27% of its health!)</small><br></div><div class="spacer battle-history"><br></div><div class="battle-history">kebab is fast asleep.<br></div><div class="spacer battle-history"><br></div><div class="battle-history"><small>kebab restored a little HP using its Leftovers!</small><br></div><div class="battle-history"><small>The opposing Heracross restored a little HP using its Leftovers!</small><br></div><div class="spacer battle-history"><br></div><h2 class="battle-history">Turn 76</h2><div class="spacer battle-history"><br></div><div class="battle-history">The opposing Heracross used <strong>Rest</strong>!<br></div><div class="battle-history"><small>The opposing Heracross fell asleep!</small><br></div><div class="battle-history"><small>The opposing Heracross slept and became healthy!</small><br></div><div class="spacer battle-history"><br></div><div class="battle-history">kebab is fast asleep.<br></div><div class="spacer battle-history"><br></div><div class="battle-history"><small>kebab restored a little HP using its Leftovers!</small><br></div><div class="spacer battle-history"><br></div><h2 class="battle-history">Turn 77</h2><div class="spacer battle-history"><br></div><div class="battle-history">kebab, come back!<br></div><div class="battle-history">Go! HARD R (<strong>Cloyster</strong>)!<br></div><div class="spacer battle-history"><br></div><div class="battle-history">The opposing Heracross is fast asleep.<br></div><div class="spacer battle-history"><br></div><div class="battle-history">The opposing Heracross used <strong>Sleep Talk</strong>!<br></div><div class="spacer battle-history"><br></div><div class="battle-history">The opposing Heracross used <strong>Seismic Toss</strong>!<br></div><div class="battle-history"><small>(HARD R lost 33% of its health!)</small><br></div><div class="spacer battle-history"><br></div><div class="battle-history"><small>HARD R restored a little HP using its Leftovers!</small><br></div><div class="spacer battle-history"><br></div><h2 class="battle-history">Turn 78</h2><div class="spacer battle-history"><br></div><div class="battle-history">HARD R, come back!<br></div><div class="battle-history">Go! kebab (<strong>Heracross</strong>)!<br></div><div class="spacer battle-history"><br></div><div class="battle-history">The opposing Heracross is fast asleep.<br></div><div class="spacer battle-history"><br></div><div class="battle-history">The opposing Heracross used <strong>Sleep Talk</strong>!<br></div><div class="spacer battle-history"><br></div><div class="battle-history">The opposing Heracross used <strong>Seismic Toss</strong>!<br></div><div class="battle-history"><small>(kebab lost 27% of its health!)</small><br></div><div class="spacer battle-history"><br></div><div class="battle-history"><small>kebab restored a little HP using its Leftovers!</small><br></div><div class="spacer battle-history"><br></div><h2 class="battle-history">Turn 79</h2><div class="spacer battle-history"><br></div><div class="battle-history">d0nut withdrew Heracross!<br></div><div class="battle-history">d0nut sent out <strong>Snorlax</strong>!<br></div><div class="battle-history"><small>The opposing Snorlax was hurt by the spikes!</small><br></div><div class="battle-history"><small>kebab woke up!</small><br></div><div class="spacer battle-history"><br></div><div class="battle-history">kebab used <strong>Megahorn</strong>!<br></div><div class="battle-history"><small>(The opposing Snorlax lost 37% of its health!)</small><br></div><div class="spacer battle-history"><br></div><div class="battle-history"><small>kebab restored a little HP using its Leftovers!</small><br></div><div class="battle-history"><small>The opposing Snorlax restored a little HP using its Leftovers!</small><br></div><div class="spacer battle-history"><br></div><h2 class="battle-history">Turn 80</h2><div class="spacer battle-history"><br></div><div class="battle-history">kebab, come back!<br></div><div class="battle-history">Go! HARD R (<strong>Cloyster</strong>)!<br></div><div class="spacer battle-history"><br></div><div class="battle-history">d0nut withdrew Snorlax!<br></div><div class="battle-history">d0nut sent out <strong>Heracross</strong>!<br></div><div class="battle-history"><small>The opposing Heracross was hurt by the spikes!</small><br></div><div class="spacer battle-history"><br></div><div class="battle-history"><small>The opposing Heracross restored a little HP using its Leftovers!</small><br></div><div class="battle-history"><small>HARD R restored a little HP using its Leftovers!</small><br></div><div class="spacer battle-history"><br></div><h2 class="battle-history">Turn 81</h2><div class="chat message-error">Chool &amp; the Gang has 285 seconds left.</div><div class="spacer battle-history"><br></div><div class="battle-history"><small>The opposing Heracross woke up!</small><br></div><div class="spacer battle-history"><br></div><div class="battle-history">The opposing Heracross used <strong>Megahorn</strong>!<br></div><div class="battle-history"><small>(HARD R lost 34% of its health!)</small><br></div><div class="spacer battle-history"><br></div><div class="battle-history">HARD R used <strong>Explosion</strong>!<br></div><div class="battle-history"><small>(The opposing Heracross lost 94% of its health!)</small><br></div><div class="spacer battle-history"><br></div><div class="battle-history">The opposing Heracross fainted!<br></div><div class="battle-history">HARD R fainted!<br></div><div class="spacer battle-history"><br></div><div class="battle-history">d0nut sent out <strong>Raikou</strong>!<br></div><div class="spacer battle-history"><br></div><div class="battle-history">Go! kebab (<strong>Heracross</strong>)!<br></div><div class="battle-history"><small>The opposing Raikou was hurt by the spikes!</small><br></div><div class="spacer battle-history"><br></div><div class="battle-history"><small>The opposing Raikou restored a little HP using its Leftovers!</small><br></div><div class="battle-history"><small>kebab restored a little HP using its Leftovers!</small><br></div><div class="spacer battle-history"><br></div><h2 class="battle-history">Turn 82</h2><div class="chat message-error">Chool &amp; the Gang has 285 seconds left.</div><div class="chat message-error">d0nut has 285 seconds left.</div><div class="spacer battle-history"><br></div><div class="battle-history">The opposing Raikou used <strong>Thunder</strong>!<br></div><div class="battle-history"><small>The opposing Raikou's attack missed!</small><br></div><div class="spacer battle-history"><br></div><div class="battle-history">kebab used <strong>Megahorn</strong>!<br></div><div class="battle-history"><small>(The opposing Raikou lost 48% of its health!)</small><br></div><div class="spacer battle-history"><br></div><div class="battle-history">The opposing Raikou fainted!<br></div><div class="spacer battle-history"><br></div><div class="battle-history">d0nut sent out <strong>Snorlax</strong>!<br></div><div class="battle-history"><small>The opposing Snorlax was hurt by the spikes!</small><br></div><div class="spacer battle-history"><br></div><div class="battle-history"><small>kebab restored a little HP using its Leftovers!</small><br></div><div class="battle-history"><small>The opposing Snorlax restored a little HP using its Leftovers!</small><br></div><div class="spacer battle-history"><br></div><h2 class="battle-history">Turn 83</h2><div class="chat message-error">Chool &amp; the Gang has 285 seconds left.</div><div class="spacer battle-history"><br></div><div class="battle-history">kebab used <strong>Seismic Toss</strong>!<br></div><div class="battle-history"><small>(The opposing Snorlax lost 19% of its health!)</small><br></div><div class="spacer battle-history"><br></div><div class="battle-history">The opposing Snorlax is fast asleep.<br></div><div class="spacer battle-history"><br></div><div class="battle-history"><small>kebab restored a little HP using its Leftovers!</small><br></div><div class="battle-history"><small>The opposing Snorlax restored a little HP using its Leftovers!</small><br></div><div class="spacer battle-history"><br></div><h2 class="battle-history">Turn 84</h2><div class="spacer battle-history"><br></div><div class="battle-history">kebab used <strong>Megahorn</strong>!<br></div><div class="battle-history"><small>(The opposing Snorlax lost 24% of its health!)</small><br></div><div class="spacer battle-history"><br></div><div class="battle-history">The opposing Snorlax fainted!<br></div><div class="spacer battle-history"><br></div><div class="battle-history">d0nut sent out <strong>Starmie</strong>!<br></div><div class="battle-history"><small>The opposing Starmie was hurt by the spikes!</small><br></div><div class="spacer battle-history"><br></div><div class="battle-history"><small>The opposing Starmie restored a little HP using its Leftovers!</small><br></div><div class="battle-history"><small>kebab restored a little HP using its Leftovers!</small><br></div><div class="spacer battle-history"><br></div><h2 class="battle-history">Turn 85</h2><div class="spacer battle-history"><br></div><div class="battle-history">The opposing Starmie used <strong>Psychic</strong>!<br></div><div class="battle-history"><small>It's super effective!</small><br></div><div class="battle-history"><small>(kebab lost 57% of its health!)</small><br></div><div class="battle-history"><small>The opposing Starmie was hurt by poison!</small><br></div><div class="spacer battle-history"><br></div><div class="battle-history">kebab used <strong>Megahorn</strong>!<br></div><div class="battle-history"><small>It's super effective!</small><br></div><div class="battle-history"><small>(The opposing Starmie lost 53% of its health!)</small><br></div><div class="spacer battle-history"><br></div><div class="battle-history">The opposing Starmie fainted!<br></div><div class="spacer battle-history"><br></div><div class="battle-history">d0nut sent out <strong>Tyranitar</strong>!<br></div><div class="battle-history"><small>The opposing Tyranitar was hurt by the spikes!</small><br></div><div class="spacer battle-history"><br></div><div class="battle-history"><small>kebab restored a little HP using its Leftovers!</small><br></div><div class="battle-history"><small>The opposing Tyranitar restored a little HP using its Leftovers!</small><br></div><div class="spacer battle-history"><br></div><h2 class="battle-history">Turn 86</h2><div class="spacer battle-history"><br></div><div class="battle-history">kebab used <strong>Megahorn</strong>!<br></div><div class="battle-history"><small>kebab's attack missed!</small><br></div><div class="spacer battle-history"><br></div><div class="battle-history">The opposing Tyranitar is fast asleep.<br></div><div class="spacer battle-history"><br></div><div class="battle-history"><small>kebab restored a little HP using its Leftovers!</small><br></div><div class="battle-history"><small>The opposing Tyranitar restored a little HP using its Leftovers!</small><br></div><div class="spacer battle-history"><br></div><h2 class="battle-history">Turn 87</h2><div class="spacer battle-history"><br></div><div class="battle-history">kebab used <strong>Megahorn</strong>!<br></div><div class="battle-history"><small>It's super effective!</small><br></div><div class="battle-history"><small>(The opposing Tyranitar lost 52% of its health!)</small><br></div><div class="spacer battle-history"><br></div><div class="battle-history">The opposing Tyranitar fainted!<br></div><div class="spacer battle-history"><br></div><div class="battle-history"><strong>Chool &amp; the Gang</strong> won the battle!<br></div><div class="chat chatmessage-choolthegang"><strong style="color:#288031"><small>☆</small><span class="username" data-name="Chool &amp; the Gang">Chool &amp; the Gang</span>:</strong> <em>gg</em></div><div class="chat chatmessage-d0nut"><strong style="color:#0d9eca"><small>☆</small><span class="username" data-name="d0nut">d0nut</span>:</strong> <em>gg</em></div></div><div class="inner-preempt"></div></div></div>
</div>
<script>
let daily = Math.floor(Date.now()/1000/60/60/24);document.write('<script src="https://play.pokemonshowdown.com/js/replay-embed.js?version'+daily+'"></'+'script>');
</script>
