<!DOCTYPE html>
<meta charset="utf-8" />
<!-- version 1 -->
<title>[Gen 2] OU replay: HODOR vs. d0nut</title>
<style>
html,body {font-family:Verdana, sans-serif;font-size:10pt;margin:0;padding:0;}body{padding:12px 0;} .battle-log {font-family:Verdana, sans-serif;font-size:10pt;} .battle-log-inline {border:1px solid #AAAAAA;background:#EEF2F5;color:black;max-width:640px;margin:0 auto 80px;padding-bottom:5px;} .battle-log .inner {padding:4px 8px 0px 8px;} .battle-log .inner-preempt {padding:0 8px 4px 8px;} .battle-log .inner-after {margin-top:0.5em;} .battle-log h2 {margin:0.5em -8px;padding:4px 8px;border:1px solid #AAAAAA;background:#E0E7EA;border-left:0;border-right:0;font-family:Verdana, sans-serif;font-size:13pt;} .battle-log .chat {vertical-align:middle;padding:3px 0 3px 0;font-size:8pt;} .battle-log .chat strong {color:#40576A;} .battle-log .chat em {padding:1px 4px 1px 3px;color:#000000;font-style:normal;} .chat.mine {background:rgba(0,0,0,0.05);margin-left:-8px;margin-right:-8px;padding-left:8px;padding-right:8px;} .spoiler {color:#BBBBBB;background:#BBBBBB;padding:0px 3px;} .spoiler:hover, .spoiler:active, .spoiler-shown {color:#000000;background:#E2E2E2;padding:0px 3px;} .spoiler a {color:#BBBBBB;} .spoiler:hover a, .spoiler:active a, .spoiler-shown a {color:#2288CC;} .chat code, .chat .spoiler:hover code, .chat .spoiler:active code, .chat .spoiler-shown code {border:1px solid #C0C0C0;background:#EEEEEE;color:black;padding:0 2px;} .chat .spoiler code {border:1px solid #CCCCCC;background:#CCCCCC;color:#CCCCCC;} .battle-log .rated {padding:3px 4px;} .battle-log .rated strong {color:white;background:#89A;padding:1px 4px;border-radius:4px;} .spacer {margin-top:0.5em;} .message-announce {background:#6688AA;color:white;padding:1px 4px 2px;} .message-announce a, .broadcast-green a, .broadcast-blue a, .broadcast-red a {color:#DDEEFF;} .broadcast-green {background-color:#559955;color:white;padding:2px 4px;} .broadcast-blue {background-color:#6688AA;color:white;padding:2px 4px;} .infobox {border:1px solid #6688AA;padding:2px 4px;} .infobox-limited {max-height:200px;overflow:auto;overflow-x:hidden;} .broadcast-red {background-color:#AA5544;color:white;padding:2px 4px;} .message-learn-canlearn {font-weight:bold;color:#228822;text-decoration:underline;} .message-learn-cannotlearn {font-weight:bold;color:#CC2222;text-decoration:underline;} .message-effect-weak {font-weight:bold;color:#CC2222;} .message-effect-resist {font-weight:bold;color:#6688AA;} .message-effect-immune {font-weight:bold;color:#666666;} .message-learn-list {margin-top:0;margin-bottom:0;} .message-throttle-notice, .message-error {color:#992222;} .message-overflow, .chat small.message-overflow {font-size:0pt;} .message-overflow::before {font-size:9pt;content:'...';} .subtle {color:#3A4A66;}
</style>
<div class="wrapper replay-wrapper" style="max-width:1180px;margin:0 auto">
<input type="hidden" name="replayid" value="smogtours-gen2ou-238172" />
<div class="battle"></div><div class="battle-log"></div><div class="replay-controls"></div><div class="replay-controls-2"></div>
<h1 style="font-weight:normal;text-align:center"><strong>[Gen 2] OU</strong><br /><a href="http://pokemonshowdown.com/users/hodor" class="subtle" target="_blank">HODOR</a> vs. <a href="http://pokemonshowdown.com/users/d0nut" class="subtle" target="_blank">d0nut</a></h1>
<script type="text/plain" class="battle-log-data">|inactive|Battle timer is ON: inactive players will automatically lose when time's up.
|J|HODOR
|J|d0nut
|player|p1|HODOR|170
|player|p2|d0nut|102
|gametype|singles
|gen|2
|tier|[Gen 2] OU
|seed|29686,36086,33298,10428
|rule|Sleep Clause Mod: Limit one foe put to sleep
|rule|Species Clause: Limit one of each Pokémon
|rule|OHKO Clause: OHKO moves are banned
|rule|Evasion Moves Clause: Evasion moves are banned
|rule|HP Percentage Mod: HP is shown in percentages
|
|start
|switch|p1a: HODOR|Snorlax, M|523\/523
|switch|p2a: Raikou|Raikou|383\/383
|turn|1
|J|Finchinator
|J|Coconut
|J|Cdumas..
|J|reyscarface
|J|rozes
|c|+Finchinator|fck hodor
|J|Steve Angello
|c|+Coconut|d0!
|J|Hootie
|J|soulgazer
|J|hyogafodex
|J|Bouff
|J|xray
|J|Funkasaurus
|J|TDK
|J|Foggi キング
|J|Conflict
|J|Prague Kick
|J|bro fist
|c|@rozes|d zero nut :D
|J|Pearl
|J|boltsandbombers
|raw|<div class="broadcast-red"><b>Moderated chat was set to @!<\/b><br \/>Only users of rank @ and higher can talk.<\/div>
|J|Rampecker
|J|Malta Kano
|J|THE PDC SHOW
|J|GOAO
|J|hamhamhamham
|J|ABR
|J|p2
|J|epic4eternity
|J|Toxic Flips
|J|Tony
|J|kratosmana♪
|J|choolio iglesias
|J|atomicllamas ☾
|J|Strealet
|J|starmaster
|J|Vai Lusa
|J|Syl♥ie Lyyneheym
|J|TheThorn
|c|★HODOR|gdi
|J|Guilas Galinier
|J|Flaress
|J|Enki
|J|Isa
|J|Vinc2612
|J|tamahome
|c|★HODOR|i can't warn at this screen
|J|Bushtush
|J|Ciele
|J|Mr.378
|J|lemaitre<3
|J|Jimmy Turtwig
|J|dekzeh
|J|We Three Kings
|J|sugarhigh
|J|SweetPosho
|J|Esteemed User
|L|Toxic Flips
|c|★HODOR|fu 2 finch
|J|Bughouse
|J|mael
|c|@rozes|\/log Finchinator was warned by rozes.
|unlink|finchinator
|c|&Vinc2612|\/log Finchinator was warned by Vinc2612.
|unlink|finchinator
|J|trc
|J|Paleo
|c|★HODOR|thanks boo
|J|dirty mind
|J|Seeergi
|J|groudon518
|J|Freeroamer
|choice|move doubleedge|switch 5
|
|switch|p2a: Misdreavus|Misdreavus, M|323\/323
|move|p1a: HODOR|Double-Edge|p2a: Misdreavus
|-immune|p2a: Misdreavus|[msg]
|
|upkeep
|turn|2
|c|@Prague Kick|\/log Finchinator was warned by Prague Kick.
|unlink|finchinator
|J|BLINGAS
|J|JabbaTheGriffin
|L|Bushtush
|J|ERZ竜
|J|Rodriblutar
|J|Alexander♚
|J|Ban❄️Manaphy
|L|Rodriblutar
|J|Der Schweinsteiger
|J|yohoE
|choice|switch 2|move thief
|
|switch|p1a: HOLDOR|Misdreavus, M|323\/323
|move|p2a: Misdreavus|Thief|p1a: HOLDOR
|-supereffective|p1a: HOLDOR
|-damage|p1a: HOLDOR|258\/323
|
|upkeep
|turn|3
|J|Peasounay
|J|NJNP➏神
|L|ERZ竜
|choice|move hypnosis|move hypnosis
|
|move|p2a: Misdreavus|Hypnosis|p1a: HOLDOR
|-status|p1: HOLDOR|slp
|cant|p1: HOLDOR|slp
|
|upkeep
|turn|4
|J|Mervis
|J|ict ❤❄
|J|Disjunction
|L|Mervis
|J|666percentpureevil
|choice|move hypnosis|move thunder
|
|-curestatus|p1a: HOLDOR|slp|[msg]
|move|p1a: HOLDOR|Hypnosis|p2a: Misdreavus
|-status|p2: Misdreavus|slp
|cant|p2: Misdreavus|slp
|
|upkeep
|turn|5
|J|Hack
|J|Lacus Clyne
|L|Alexander♚
|J|Porengan
|J|melle2402
|J|Alexander♚
|choice|switch 5|move hypnosis
|
|switch|p1a: HOLD DA DOOR|Forretress, M|353\/353
|cant|p2: Misdreavus|slp
|
|upkeep
|turn|6
|J|klefkiholder
|L|Der Schweinsteiger
|choice|move spikes|switch 3
|
|switch|p2a: Cloyster|Cloyster, F|303\/303
|move|p1a: HOLD DA DOOR|Spikes|p2a: Cloyster
|-sidestart|p2: d0nut|Spikes
|
|upkeep
|turn|7
|J|TSR
|L|Freeroamer
|J|Frexa ~✘~✘
|J|Derk ◕‿◕
|J|Diegolh
|choice|move toxic|move spikes
|
|move|p2a: Cloyster|Spikes|p1a: HOLD DA DOOR
|-sidestart|p1: HODOR|Spikes
|move|p1a: HOLD DA DOOR|Toxic|p2a: Cloyster
|-status|p2a: Cloyster|tox
|
|upkeep
|turn|8
|J|Rewer
|J|Ed
|J|Alastor Law 炎遁
|J|boudouche
|choice|move gigadrain|switch 3
|
|switch|p2a: Misdreavus|Misdreavus, M|323\/323 slp
|-damage|p2a: Misdreavus|283\/323 slp|[from] Spikes
|move|p1a: HOLD DA DOOR|Giga Drain|p2a: Misdreavus
|-damage|p2a: Misdreavus|244\/323 slp
|
|upkeep
|turn|9
|J|gslure
|J|Noctur ͜..
|L|666percentpureevil
|J|syncrasy
|J|Freeroamer
|choice|switch 3|move thunder
|
|switch|p1a: HOLDOOR|Zapdos|383\/383
|cant|p2: Misdreavus|slp
|
|upkeep
|turn|10
|J|Klefkwi ~ ♆
|J|n00b
|J|poek97 ❄
|choice|move thunder|switch 5
|
|switch|p2a: Raikou|Raikou|383\/383
|-damage|p2a: Raikou|336\/383|[from] Spikes
|move|p1a: HOLDOOR|Thunder|p2a: Raikou|[miss]
|-miss|p1a: HOLDOOR|p2a: Raikou
|
|-heal|p2a: Raikou|359\/383|[from] item: Leftovers
|upkeep
|turn|11
|choice|move thunder|move thunder
|
|move|p2a: Raikou|Thunder|p1a: HOLDOOR
|-damage|p1a: HOLDOOR|228\/383
|move|p1a: HOLDOOR|Thunder|p2a: Raikou
|-resisted|p2a: Raikou
|-damage|p2a: Raikou|276\/383
|
|-heal|p2a: Raikou|299\/383|[from] item: Leftovers
|-heal|p1a: HOLDOOR|251\/383|[from] item: Leftovers
|upkeep
|turn|12
|J|Fireburn
|J|calm belt
|J|McMeghan
|choice|switch 4|move thunder
|
|switch|p1a: HOLD DOOR|Quagsire, M|393\/393
|-damage|p1a: HOLD DOOR|344\/393|[from] Spikes
|move|p2a: Raikou|Thunder|p1a: HOLD DOOR
|-immune|p1a: HOLD DOOR|[msg]
|
|-heal|p2a: Raikou|322\/383|[from] item: Leftovers
|-heal|p1a: HOLD DOOR|368\/393|[from] item: Leftovers
|upkeep
|turn|13
|J|Anty
|L|Anty
|choice|switch 2|switch 4
|
|switch|p2a: Skarmory|Skarmory, M|333\/333
|switch|p1a: HODOR|Snorlax, M|523\/523
|-damage|p1a: HODOR|458\/523|[from] Spikes
|
|-heal|p1a: HODOR|490\/523|[from] item: Leftovers
|upkeep
|turn|14
|J|Blinkboy
|J|Pohjis
|J|Obliviate.
|choice|move doubleedge|move whirlwind
|
|move|p1a: HODOR|Double-Edge|p2a: Skarmory
|-resisted|p2a: Skarmory
|-damage|p2a: Skarmory|275\/333
|-damage|p1a: HODOR|476\/523|[from] recoil|[of] p2a: Skarmory
|move|p2a: Skarmory|Whirlwind|p1a: HODOR
|drag|p1a: HOLDOOR|Zapdos|251\/383
|
|-heal|p1a: HOLDOOR|274\/383|[from] item: Leftovers
|-heal|p2a: Skarmory|295\/333|[from] item: Leftovers
|upkeep
|turn|15
|choice|switch 4|switch 4
|
|switch|p1a: HODOR|Snorlax, M|476\/523
|-damage|p1a: HODOR|411\/523|[from] Spikes
|switch|p2a: Raikou|Raikou|322\/383
|-damage|p2a: Raikou|275\/383|[from] Spikes
|
|-heal|p2a: Raikou|298\/383|[from] item: Leftovers
|-heal|p1a: HODOR|443\/523|[from] item: Leftovers
|upkeep
|turn|16
|choice|move doubleedge|move reflect
|
|move|p2a: Raikou|Reflect|p2a: Raikou
|-sidestart|p2: d0nut|Reflect
|move|p1a: HODOR|Double-Edge|p2a: Raikou
|-damage|p2a: Raikou|211\/383
|-damage|p1a: HODOR|422\/523|[from] recoil|[of] p2a: Raikou
|
|-heal|p2a: Raikou|234\/383|[from] item: Leftovers
|-heal|p1a: HODOR|454\/523|[from] item: Leftovers
|upkeep
|turn|17
|J|Celysi(◑_◑)
|J|Soruxt
|choice|move earthquake|switch 4
|
|switch|p2a: Skarmory|Skarmory, M|295\/333
|move|p1a: HODOR|Earthquake|p2a: Skarmory
|-immune|p2a: Skarmory|[msg]
|
|-heal|p2a: Skarmory|315\/333|[from] item: Leftovers
|-heal|p1a: HODOR|486\/523|[from] item: Leftovers
|upkeep
|turn|18
|choice|move fireblast|move whirlwind
|
|move|p1a: HODOR|Fire Blast|p2a: Skarmory
|-supereffective|p2a: Skarmory
|-damage|p2a: Skarmory|137\/333
|move|p2a: Skarmory|Whirlwind|p1a: HODOR
|drag|p1a: HOLDOR|Misdreavus, M|258\/323
|-damage|p1a: HOLDOR|218\/323|[from] Spikes
|
|-heal|p2a: Skarmory|157\/333|[from] item: Leftovers
|upkeep
|turn|19
|J|aqqq
|J|titaniteslap
|choice|move thunder|switch 5
|
|switch|p2a: Misdreavus|Misdreavus, M|244\/323 slp
|-damage|p2a: Misdreavus|204\/323 slp|[from] Spikes
|move|p1a: HOLDOR|Thunder|p2a: Misdreavus
|-damage|p2a: Misdreavus|112\/323 slp
|
|upkeep
|turn|20
|J|SamVGC ✿
|choice|move thief|move hypnosis
|
|-curestatus|p2a: Misdreavus|slp|[msg]
|move|p2a: Misdreavus|Hypnosis|p1a: HOLDOR|[miss]
|-miss|p2a: Misdreavus|p1a: HOLDOR
|move|p1a: HOLDOR|Thief|p2a: Misdreavus
|-supereffective|p2a: Misdreavus
|-damage|p2a: Misdreavus|43\/323
|
|-sideend|p2: d0nut|Reflect
|upkeep
|turn|21
|J|Corazan ✔️
|choice|move thief|move painsplit
|
|move|p1a: HOLDOR|Thief|p2a: Misdreavus
|-supereffective|p2a: Misdreavus
|-damage|p2a: Misdreavus|0 fnt
|faint|p2a: Misdreavus
|J|Laga
|J|GreninjaWarrior21
|J|Lohgock
|J|YOUsucke
|J|Analytic
|choice||switch 4
|
|switch|p2a: Raikou|Raikou|234\/383
|-damage|p2a: Raikou|187\/383|[from] Spikes
|
|-heal|p2a: Raikou|210\/383|[from] item: Leftovers
|upkeep
|turn|22
|J|Nintendi
|J|Lufia II
|L|Lohgock
|J|Tokyo Tom
|J|adracman42
|choice|switch 2|move thunder
|
|switch|p1a: HOLD DOOR|Quagsire, M|368\/393
|-damage|p1a: HOLD DOOR|319\/393|[from] Spikes
|move|p2a: Raikou|Thunder|p1a: HOLD DOOR
|-immune|p1a: HOLD DOOR|[msg]
|
|-heal|p2a: Raikou|233\/383|[from] item: Leftovers
|-heal|p1a: HOLD DOOR|343\/393|[from] item: Leftovers
|upkeep
|turn|23
|J|dis guy is a pidor
|L|Analytic
|J|marrano
|J|Beds
|L|Celysi(◑_◑)
|J|Elise
|J|iris
|J|BluBirD
|J|miltankmilk
|J|Finding True Love
|choice|move bellydrum|switch 6
|
|switch|p2a: Meganium|Meganium, M|363\/363
|-damage|p2a: Meganium|318\/363|[from] Spikes
|move|p1a: HOLD DOOR|Belly Drum|p1a: HOLD DOOR
|-damage|p1a: HOLD DOOR|147\/393
|-setboost|p1a: HOLD DOOR|atk|6|[from] move: Belly Drum
|
|-heal|p2a: Meganium|340\/363|[from] item: Leftovers
|-heal|p1a: HOLD DOOR|171\/393|[from] item: Leftovers
|upkeep
|turn|24
|L|Foggi キング
|J|sam-testings睡觉
|J|Foggi キング
|J|blunderr
|J|Acacia
|choice|switch 4|move razorleaf
|
|switch|p1a: HOLDOOR|Zapdos|274\/383
|move|p2a: Meganium|Razor Leaf|p1a: HOLDOOR
|-resisted|p1a: HOLDOOR
|-damage|p1a: HOLDOOR|241\/383
|
|-heal|p1a: HOLDOOR|264\/383|[from] item: Leftovers
|-heal|p2a: Meganium|362\/363|[from] item: Leftovers
|upkeep
|turn|25
|J|Kushalos
|J|HYPERFLUME
|J|Real FV13 -✖º
|J|lnsult
|J|ssjjynx
|choice|move hiddenpower|move leechseed
|
|move|p1a: HOLDOOR|Hidden Power|p2a: Meganium
|-supereffective|p2a: Meganium
|-damage|p2a: Meganium|238\/363
|move|p2a: Meganium|Leech Seed|p1a: HOLDOOR
|-start|p1a: HOLDOOR|move: Leech Seed
|
|-heal|p1a: HOLDOOR|287\/383|[from] item: Leftovers
|-heal|p2a: Meganium|260\/363|[from] item: Leftovers
|upkeep
|turn|26
|J|Magellan
|J|Sas0 ❄️
|J|obii°
|J|VolcanoHeadYT
|L|Real FV13 -✖º
|choice|switch 3|move reflect
|
|switch|p1a: HOLD DA DOOR|Forretress, M|353\/353
|-damage|p1a: HOLD DA DOOR|309\/353|[from] Spikes
|move|p2a: Meganium|Reflect|p2a: Meganium
|-sidestart|p2: d0nut|Reflect
|
|-heal|p2a: Meganium|282\/363|[from] item: Leftovers
|-heal|p1a: HOLD DA DOOR|331\/353|[from] item: Leftovers
|upkeep
|turn|27
|L|Sas0 ❄️
|choice|move rapidspin|switch 5
|
|switch|p2a: Skarmory|Skarmory, M|157\/333
|move|p1a: HOLD DA DOOR|Rapid Spin|p2a: Skarmory
|-resisted|p2a: Skarmory
|-damage|p2a: Skarmory|154\/333
|-sideend|p1: HODOR|Spikes|[from] move: Rapid Spin|[of] p1a: HOLD DA DOOR
|
|-heal|p2a: Skarmory|174\/333|[from] item: Leftovers
|-heal|p1a: HOLD DA DOOR|353\/353|[from] item: Leftovers
|upkeep
|turn|28
|choice|switch 3|move whirlwind
|
|switch|p1a: HOLDOOR|Zapdos|287\/383
|move|p2a: Skarmory|Whirlwind|p1a: HOLDOOR
|drag|p1a: HOLDOR|Misdreavus, M|218\/323
|
|-heal|p2a: Skarmory|194\/333|[from] item: Leftovers
|upkeep
|turn|29
|J|Eo
|J|Becks
|L|Porengan
|choice|move thunder|switch 6
|
|switch|p2a: Raikou|Raikou|233\/383
|-damage|p2a: Raikou|186\/383|[from] Spikes
|move|p1a: HOLDOR|Thunder|p2a: Raikou
|-resisted|p2a: Raikou
|-damage|p2a: Raikou|145\/383
|
|-heal|p2a: Raikou|168\/383|[from] item: Leftovers
|upkeep
|turn|30
|L|Eo
|J|6ti 三
|choice|switch 4|move roar
|
|switch|p1a: HOLD DOOR|Quagsire, M|171\/393
|move|p2a: Raikou|Roar|p1a: HOLD DOOR
|drag|p1a: HOLDOR|Misdreavus, M|218\/323
|
|-heal|p2a: Raikou|191\/383|[from] item: Leftovers
|-sideend|p2: d0nut|Reflect
|upkeep
|turn|31
|L|6ti 三
|choice|switch 4|switch 3
|
|switch|p2a: Cloyster|Cloyster, F|303\/303 tox
|-status|p2a: Cloyster|psn
|-damage|p2a: Cloyster|266\/303 psn|[from] Spikes
|-damage|p2a: Cloyster|229\/303 psn|[from] psn
|switch|p1a: HOLD DOOR|Quagsire, M|171\/393
|
|-heal|p2a: Cloyster|247\/303 psn|[from] item: Leftovers
|-heal|p1a: HOLD DOOR|195\/393|[from] item: Leftovers
|upkeep
|turn|32
|J|Destiny Spinach
|J|giara ★_★
|choice|switch 3|move spikes
|
|switch|p1a: HOLD DA DOOR|Forretress, M|353\/353
|move|p2a: Cloyster|Spikes|p1a: HOLD DA DOOR
|-sidestart|p1: HODOR|Spikes
|-damage|p2a: Cloyster|210\/303 psn|[from] psn|[of] p1a: HOLD DA DOOR
|
|-heal|p2a: Cloyster|228\/303 psn|[from] item: Leftovers
|upkeep
|turn|33
|choice|move rapidspin|move surf
|
|move|p2a: Cloyster|Surf|p1a: HOLD DA DOOR
|-damage|p1a: HOLD DA DOOR|207\/353
|-damage|p2a: Cloyster|191\/303 psn|[from] psn|[of] p1a: HOLD DA DOOR
|move|p1a: HOLD DA DOOR|Rapid Spin|p2a: Cloyster
|-damage|p2a: Cloyster|180\/303 psn
|-sideend|p1: HODOR|Spikes|[from] move: Rapid Spin|[of] p1a: HOLD DA DOOR
|
|-heal|p2a: Cloyster|198\/303 psn|[from] item: Leftovers
|-heal|p1a: HOLD DA DOOR|229\/353|[from] item: Leftovers
|upkeep
|turn|34
|choice|move gigadrain|switch 6
|
|switch|p2a: Skarmory|Skarmory, M|194\/333
|move|p1a: HOLD DA DOOR|Giga Drain|p2a: Skarmory
|-resisted|p2a: Skarmory
|-damage|p2a: Skarmory|183\/333
|-heal|p1a: HOLD DA DOOR|235\/353|[from] drain|[of] p2a: Skarmory
|
|-heal|p2a: Skarmory|203\/333|[from] item: Leftovers
|-heal|p1a: HOLD DA DOOR|257\/353|[from] item: Leftovers
|upkeep
|turn|35
|choice|switch 2|switch 3
|
|switch|p2a: Raikou|Raikou|191\/383
|-damage|p2a: Raikou|144\/383|[from] Spikes
|switch|p1a: HOLDOOR|Zapdos|287\/383
|
|-heal|p2a: Raikou|167\/383|[from] item: Leftovers
|-heal|p1a: HOLDOOR|310\/383|[from] item: Leftovers
|upkeep
|turn|36
|choice|move thunder|move reflect
|
|move|p2a: Raikou|Reflect|p2a: Raikou
|-sidestart|p2: d0nut|Reflect
|move|p1a: HOLDOOR|Thunder|p2a: Raikou
|-resisted|p2a: Raikou
|-damage|p2a: Raikou|90\/383
|
|-heal|p2a: Raikou|113\/383|[from] item: Leftovers
|-heal|p1a: HOLDOOR|333\/383|[from] item: Leftovers
|upkeep
|turn|37
|J|Malekith (◕‿◕❌)
|J|Doubloon
|choice|switch 5|move rest
|
|switch|p1a: HODOR|Snorlax, M|486\/523
|move|p2a: Raikou|Rest|p2a: Raikou
|-status|p2: Raikou|slp
|-heal|p2a: Raikou|383\/383 slp|[silent]
|-status|p2a: Raikou|slp|[from] move: Rest
|
|-heal|p1a: HODOR|518\/523|[from] item: Leftovers
|upkeep
|turn|38
|J|Town Portal Scroll
|choice|move doubleedge|switch 5
|
|switch|p2a: Meganium|Meganium, M|282\/363
|-damage|p2a: Meganium|237\/363|[from] Spikes
|move|p1a: HODOR|Double-Edge|p2a: Meganium
|-damage|p2a: Meganium|162\/363
|-damage|p1a: HODOR|500\/523|[from] recoil|[of] p2a: Meganium
|
|-heal|p2a: Meganium|184\/363|[from] item: Leftovers
|-heal|p1a: HODOR|523\/523|[from] item: Leftovers
|upkeep
|turn|39
|J|SkyTheStarHero
|L|SkyTheStarHero
|J|Lcans✘
|J|Texas Cloverleaf
|choice|switch 2|move leechseed
|
|switch|p1a: HOLD DA DOOR|Forretress, M|257\/353
|move|p2a: Meganium|Leech Seed|p1a: HOLD DA DOOR
|-start|p1a: HOLD DA DOOR|move: Leech Seed
|
|-heal|p2a: Meganium|206\/363|[from] item: Leftovers
|-heal|p1a: HOLD DA DOOR|279\/353|[from] item: Leftovers
|upkeep
|turn|40
|J|FLCL
|choice|move rapidspin|switch 5
|
|switch|p2a: Raikou|Raikou|383\/383 slp
|-damage|p2a: Raikou|336\/383 slp|[from] Spikes
|move|p1a: HOLD DA DOOR|Rapid Spin|p2a: Raikou
|-damage|p2a: Raikou|326\/383 slp
|-end|p1a: HOLD DA DOOR|Leech Seed|[from] move: Rapid Spin|[of] p1a: HOLD DA DOOR
|
|-heal|p2a: Raikou|349\/383 slp|[from] item: Leftovers
|-heal|p1a: HOLD DA DOOR|301\/353|[from] item: Leftovers
|-sideend|p2: d0nut|Reflect
|upkeep
|turn|41
|J|oibaf
|L|oibaf
|J|SkyTheStarHero
|L|BluBirD
|L|SkyTheStarHero
|L|GreninjaWarrior21
|choice|switch 4|move roar
|
|switch|p1a: HOLDOR|Misdreavus, M|218\/323
|cant|p2: Raikou|slp
|
|-heal|p2a: Raikou|372\/383 slp|[from] item: Leftovers
|upkeep
|turn|42
|J|SkyTheStarHero
|choice|move thief|switch 6
|
|switch|p2a: Cloyster|Cloyster, F|198\/303 psn
|-damage|p2a: Cloyster|161\/303 psn|[from] Spikes
|-damage|p2a: Cloyster|124\/303 psn|[from] psn
|move|p1a: HOLDOR|Thief|p2a: Cloyster
|-damage|p2a: Cloyster|79\/303 psn
|-item|p1a: HOLDOR|Leftovers|[from] move: Thief|[of] p2a: Cloyster
|
|-heal|p1a: HOLDOR|238\/323|[from] item: Leftovers
|upkeep
|turn|43
|J|Blackoblivion
|choice|move thunder|move spikes
|
|move|p1a: HOLDOR|Thunder|p2a: Cloyster
|-supereffective|p2a: Cloyster
|-damage|p2a: Cloyster|0 fnt
|faint|p2a: Cloyster
|J|Croven
|J|BluBirD
|J|craing
|J|habajiga
|choice||switch 6
|
|switch|p2a: Raikou|Raikou|372\/383 slp
|-damage|p2a: Raikou|325\/383 slp|[from] Spikes
|
|-heal|p2a: Raikou|348\/383 slp|[from] item: Leftovers
|-heal|p1a: HOLDOR|258\/323|[from] item: Leftovers
|upkeep
|turn|44
|J|Celysi(◑_◑)
|J|Nelson
|L|Ban❄️Manaphy
|J|tst_100°
|choice|switch 2|move roar
|
|switch|p1a: HODOR|Snorlax, M|523\/523
|cant|p2: Raikou|slp
|
|-heal|p2a: Raikou|371\/383 slp|[from] item: Leftovers
|upkeep
|turn|45
|L|HYPERFLUME
|L|Nelson
|J|Aberforth
|choice|move doubleedge|move reflect
|
|-curestatus|p2a: Raikou|slp|[msg]
|move|p2a: Raikou|Reflect|p2a: Raikou
|-sidestart|p2: d0nut|Reflect
|move|p1a: HODOR|Double-Edge|p2a: Raikou
|-crit|p2a: Raikou
|-damage|p2a: Raikou|21\/383
|-damage|p1a: HODOR|436\/523|[from] recoil|[of] p2a: Raikou
|
|-heal|p2a: Raikou|44\/383|[from] item: Leftovers
|-heal|p1a: HODOR|468\/523|[from] item: Leftovers
|upkeep
|turn|46
|J|ZoroDark
|J|Scotti
|J|Crystal_ rby
|choice|move earthquake|move rest
|
|move|p2a: Raikou|Rest|p2a: Raikou
|-status|p2: Raikou|slp
|-heal|p2a: Raikou|383\/383 slp|[silent]
|-status|p2a: Raikou|slp|[from] move: Rest
|move|p1a: HODOR|Earthquake|p2a: Raikou
|-supereffective|p2a: Raikou
|-damage|p2a: Raikou|286\/383 slp
|
|-heal|p2a: Raikou|309\/383 slp|[from] item: Leftovers
|-heal|p1a: HODOR|500\/523|[from] item: Leftovers
|upkeep
|turn|47
|J|B KC
|J|Gunner Rohan
|L|Magellan
|J|HYPERFLUME
|J|dragonuser
|choice|move earthquake|move reflect
|
|cant|p2: Raikou|slp
|move|p1a: HODOR|Earthquake|p2a: Raikou
|-supereffective|p2a: Raikou
|-damage|p2a: Raikou|199\/383 slp
|
|-heal|p2a: Raikou|222\/383 slp|[from] item: Leftovers
|-heal|p1a: HODOR|523\/523|[from] item: Leftovers
|upkeep
|turn|48
|J|Mysterious M
|L|Klefkwi ~ ♆
|choice|move earthquake|switch 5
|
|switch|p2a: Meganium|Meganium, M|206\/363
|-damage|p2a: Meganium|161\/363|[from] Spikes
|move|p1a: HODOR|Earthquake|p2a: Meganium
|-resisted|p2a: Meganium
|-damage|p2a: Meganium|142\/363
|
|-heal|p2a: Meganium|164\/363|[from] item: Leftovers
|upkeep
|turn|49
|choice|move fireblast|move synthesis
|
|move|p2a: Meganium|Synthesis|p2a: Meganium
|-heal|p2a: Meganium|345\/363
|move|p1a: HODOR|Fire Blast|p2a: Meganium
|-supereffective|p2a: Meganium
|-damage|p2a: Meganium|207\/363
|-status|p2a: Meganium|brn
|
|-heal|p2a: Meganium|229\/363 brn|[from] item: Leftovers
|-sideend|p2: d0nut|Reflect
|upkeep
|turn|50
|L|Crystal_ rby
|J|trash
|J|Teddeh
|choice|move doubleedge|move leechseed
|
|move|p2a: Meganium|Leech Seed|p1a: HODOR
|-start|p1a: HODOR|move: Leech Seed
|-damage|p2a: Meganium|184\/363 brn|[from] brn|[of] p1a: HODOR
|move|p1a: HODOR|Double-Edge|p2a: Meganium
|-damage|p2a: Meganium|21\/363 brn
|-damage|p1a: HODOR|483\/523|[from] recoil|[of] p2a: Meganium
|-damage|p1a: HODOR|418\/523|[from] Leech Seed|[of] p2a: Meganium
|-heal|p2a: Meganium|86\/363 brn|[silent]
|
|-heal|p2a: Meganium|108\/363 brn|[from] item: Leftovers
|-heal|p1a: HODOR|450\/523|[from] item: Leftovers
|upkeep
|turn|51
|choice|switch 5|move synthesis
|
|switch|p1a: HOLDOOR|Zapdos|333\/383
|move|p2a: Meganium|Synthesis|p2a: Meganium
|-heal|p2a: Meganium|289\/363 brn
|-damage|p2a: Meganium|244\/363 brn|[from] brn
|
|-heal|p1a: HOLDOOR|356\/383|[from] item: Leftovers
|-heal|p2a: Meganium|266\/363 brn|[from] item: Leftovers
|upkeep
|turn|52
|J|MegaStarUniverse
|L|MegaStarUniverse
|choice|switch 5|switch 5
|
|switch|p1a: HODOR|Snorlax, M|450\/523
|switch|p2a: Raikou|Raikou|222\/383 slp
|-damage|p2a: Raikou|175\/383 slp|[from] Spikes
|
|-heal|p2a: Raikou|198\/383 slp|[from] item: Leftovers
|-heal|p1a: HODOR|482\/523|[from] item: Leftovers
|upkeep
|turn|53
|J|skup
|L|YOUsucke
|J|Contacting
|choice|move doubleedge|switch 3
|
|switch|p2a: Skarmory|Skarmory, M|203\/333
|move|p1a: HODOR|Double-Edge|p2a: Skarmory
|-resisted|p2a: Skarmory
|-damage|p2a: Skarmory|140\/333
|-damage|p1a: HODOR|467\/523|[from] recoil|[of] p2a: Skarmory
|
|-heal|p2a: Skarmory|160\/333|[from] item: Leftovers
|-heal|p1a: HODOR|499\/523|[from] item: Leftovers
|upkeep
|turn|54
|J|DrReuniclus3
|choice|move doubleedge|switch 5
|
|switch|p2a: Meganium|Meganium, M|266\/363 brn
|-damage|p2a: Meganium|221\/363 brn|[from] Spikes
|-damage|p2a: Meganium|176\/363 brn|[from] brn
|move|p1a: HODOR|Double-Edge|p2a: Meganium
|-damage|p2a: Meganium|17\/363 brn
|-damage|p1a: HODOR|460\/523|[from] recoil|[of] p2a: Meganium
|
|-heal|p2a: Meganium|39\/363 brn|[from] item: Leftovers
|-heal|p1a: HODOR|492\/523|[from] item: Leftovers
|upkeep
|turn|55
|J|nLTk
|choice|move doubleedge|move synthesis
|
|move|p2a: Meganium|Synthesis|p2a: Meganium
|-heal|p2a: Meganium|220\/363 brn
|-damage|p2a: Meganium|175\/363 brn|[from] brn
|move|p1a: HODOR|Double-Edge|p2a: Meganium
|-damage|p2a: Meganium|22\/363 brn
|-damage|p1a: HODOR|454\/523|[from] recoil|[of] p2a: Meganium
|
|-heal|p2a: Meganium|44\/363 brn|[from] item: Leftovers
|-heal|p1a: HODOR|486\/523|[from] item: Leftovers
|upkeep
|turn|56
|choice|move doubleedge|move reflect
|
|move|p2a: Meganium|Reflect|p2a: Meganium
|-sidestart|p2: d0nut|Reflect
|-damage|p2a: Meganium|0 fnt|[from] brn
|faint|p2a: Meganium
|J|MetalGro$$
|L|Flaress
|L|songs about jane
|J|Danz 1
|J|dark rambo
|J|Real FV13 -✖º
|choice||switch 2
|
|switch|p2a: Snorlax|Snorlax, M|523\/523
|-damage|p2a: Snorlax|458\/523|[from] Spikes
|
|-heal|p1a: HODOR|518\/523|[from] item: Leftovers
|-heal|p2a: Snorlax|490\/523|[from] item: Leftovers
|upkeep
|turn|57
|L|Danz 1
|J|Genesis7
|choice|switch 6|move bodyslam
|
|switch|p1a: HOLD THE DOOR|Skarmory, M|333\/333
|move|p2a: Snorlax|Body Slam|p1a: HOLD THE DOOR
|-resisted|p1a: HOLD THE DOOR
|-damage|p1a: HOLD THE DOOR|289\/333
|
|-heal|p1a: HOLD THE DOOR|309\/333|[from] item: Leftovers
|-heal|p2a: Snorlax|522\/523|[from] item: Leftovers
|upkeep
|turn|58
|J|qsns
|J|HyperLopunny!!!
|L|dark rambo
|L|Real FV13 -✖º
|J|high impulse
|J|Shubaki
|L|high impulse
|choice|move whirlwind|move bodyslam
|
|move|p2a: Snorlax|Body Slam|p1a: HOLD THE DOOR
|-resisted|p1a: HOLD THE DOOR
|-damage|p1a: HOLD THE DOOR|264\/333
|-status|p1a: HOLD THE DOOR|par
|move|p1a: HOLD THE DOOR|Whirlwind|p2a: Snorlax
|drag|p2a: Skarmory|Skarmory, M|160\/333
|
|-heal|p2a: Skarmory|180\/333|[from] item: Leftovers
|-heal|p1a: HOLD THE DOOR|284\/333 par|[from] item: Leftovers
|upkeep
|turn|59
|L|Elise
|choice|move rest|move drillpeck
|
|move|p2a: Skarmory|Drill Peck|p1a: HOLD THE DOOR
|-resisted|p1a: HOLD THE DOOR
|-damage|p1a: HOLD THE DOOR|254\/333 par
|cant|p1: HOLD THE DOOR|par
|
|-heal|p2a: Skarmory|200\/333|[from] item: Leftovers
|-heal|p1a: HOLD THE DOOR|274\/333 par|[from] item: Leftovers
|upkeep
|turn|60
|choice|move rest|switch 3
|
|switch|p2a: Raikou|Raikou|198\/383 slp
|-damage|p2a: Raikou|151\/383 slp|[from] Spikes
|move|p1a: HOLD THE DOOR|Rest|p1a: HOLD THE DOOR
|-status|p1: HOLD THE DOOR|slp
|-heal|p1a: HOLD THE DOOR|333\/333 slp|[silent]
|-status|p1a: HOLD THE DOOR|slp|[from] move: Rest
|
|-heal|p2a: Raikou|174\/383 slp|[from] item: Leftovers
|-sideend|p2: d0nut|Reflect
|upkeep
|turn|61
|J|talkingtree
|L|TDK
|L|BLINGAS
|L|qsns
|choice|move drillpeck|move thunder
|
|cant|p2: Raikou|slp
|cant|p1: HOLD THE DOOR|slp
|
|-heal|p2a: Raikou|197\/383 slp|[from] item: Leftovers
|upkeep
|turn|62
|L|Hack
|choice|switch 3|move reflect
|
|switch|p1a: HOLD DOOR|Quagsire, M|195\/393
|-curestatus|p2a: Raikou|slp|[msg]
|move|p2a: Raikou|Reflect|p2a: Raikou
|-sidestart|p2: d0nut|Reflect
|
|-heal|p2a: Raikou|220\/383|[from] item: Leftovers
|-heal|p1a: HOLD DOOR|219\/393|[from] item: Leftovers
|upkeep
|turn|63
|J|Crystal_ rby
|L|Malekith (◕‿◕❌)
|L|Contacting
|L|Foggi キング
|choice|move earthquake|switch 3
|
|switch|p2a: Skarmory|Skarmory, M|200\/333
|move|p1a: HOLD DOOR|Earthquake|p2a: Skarmory
|-immune|p2a: Skarmory|[msg]
|
|-heal|p2a: Skarmory|220\/333|[from] item: Leftovers
|-heal|p1a: HOLD DOOR|243\/393|[from] item: Leftovers
|upkeep
|turn|64
|choice|switch 5|switch 5
|
|switch|p2a: Snorlax|Snorlax, M|522\/523
|-damage|p2a: Snorlax|457\/523|[from] Spikes
|switch|p1a: HOLDOOR|Zapdos|356\/383
|
|-heal|p1a: HOLDOOR|379\/383|[from] item: Leftovers
|-heal|p2a: Snorlax|489\/523|[from] item: Leftovers
|upkeep
|turn|65
|J|Bomber
|choice|switch 3|move bellydrum
|
|switch|p1a: HOLD THE DOOR|Skarmory, M|333\/333 slp
|move|p2a: Snorlax|Belly Drum|p2a: Snorlax
|-damage|p2a: Snorlax|228\/523
|-setboost|p2a: Snorlax|atk|6|[from] move: Belly Drum
|
|-heal|p2a: Snorlax|260\/523|[from] item: Leftovers
|upkeep
|turn|66
|choice|move whirlwind|move bodyslam
|
|move|p2a: Snorlax|Body Slam|p1a: HOLD THE DOOR
|-resisted|p1a: HOLD THE DOOR
|-damage|p1a: HOLD THE DOOR|193\/333 slp
|cant|p1: HOLD THE DOOR|slp
|
|-heal|p1a: HOLD THE DOOR|213\/333 slp|[from] item: Leftovers
|-heal|p2a: Snorlax|292\/523|[from] item: Leftovers
|-sideend|p2: d0nut|Reflect
|upkeep
|turn|67
|J|LJDarkrai ☯♆
|J|Hack
|choice|move whirlwind|move bodyslam
|
|move|p2a: Snorlax|Body Slam|p1a: HOLD THE DOOR
|-resisted|p1a: HOLD THE DOOR
|-damage|p1a: HOLD THE DOOR|79\/333 slp
|-curestatus|p1a: HOLD THE DOOR|slp|[msg]
|move|p1a: HOLD THE DOOR|Whirlwind|p2a: Snorlax
|drag|p2a: Skarmory|Skarmory, M|220\/333
|
|-heal|p1a: HOLD THE DOOR|99\/333|[from] item: Leftovers
|-heal|p2a: Skarmory|240\/333|[from] item: Leftovers
|upkeep
|turn|68
|J|empo
|L|Hack
|L|SkyTheStarHero
|choice|move rest|switch 3
|
|switch|p2a: Raikou|Raikou|220\/383
|-damage|p2a: Raikou|173\/383|[from] Spikes
|move|p1a: HOLD THE DOOR|Rest|p1a: HOLD THE DOOR
|-status|p1: HOLD THE DOOR|slp
|-heal|p1a: HOLD THE DOOR|333\/333 slp|[silent]
|-status|p1a: HOLD THE DOOR|slp|[from] move: Rest
|
|-heal|p2a: Raikou|196\/383|[from] item: Leftovers
|upkeep
|turn|69
|J|Analytic
|L|Analytic
|choice|switch 6|switch 5
|
|switch|p2a: Snorlax|Snorlax, M|292\/523
|-damage|p2a: Snorlax|227\/523|[from] Spikes
|switch|p1a: HODOR|Snorlax, M|518\/523
|
|-heal|p1a: HODOR|523\/523|[from] item: Leftovers
|-heal|p2a: Snorlax|259\/523|[from] item: Leftovers
|upkeep
|turn|70
|J|valentine ❤❄
|L|Crystal_ rby
|L|Vai Lusa
|choice|move doubleedge|move bodyslam
|
|move|p2a: Snorlax|Body Slam|p1a: HODOR
|-crit|p1a: HODOR
|-damage|p1a: HODOR|262\/523
|move|p1a: HODOR|Double-Edge|p2a: Snorlax
|-damage|p2a: Snorlax|59\/523
|-damage|p1a: HODOR|212\/523|[from] recoil|[of] p2a: Snorlax
|
|-heal|p1a: HODOR|244\/523|[from] item: Leftovers
|-heal|p2a: Snorlax|91\/523|[from] item: Leftovers
|upkeep
|turn|71
|choice|move doubleedge|move rest
|
|move|p2a: Snorlax|Rest|p2a: Snorlax
|-status|p2: Snorlax|slp
|-heal|p2a: Snorlax|523\/523 slp|[silent]
|-status|p2a: Snorlax|slp|[from] move: Rest
|move|p1a: HODOR|Double-Edge|p2a: Snorlax
|-damage|p2a: Snorlax|341\/523 slp
|-damage|p1a: HODOR|199\/523|[from] recoil|[of] p2a: Snorlax
|
|-heal|p1a: HODOR|231\/523|[from] item: Leftovers
|-heal|p2a: Snorlax|373\/523 slp|[from] item: Leftovers
|upkeep
|turn|72
|L|HYPERFLUME
|L|Peasounay
|choice|move doubleedge|switch 3
|
|switch|p2a: Skarmory|Skarmory, M|240\/333
|move|p1a: HODOR|Double-Edge|p2a: Skarmory
|-resisted|p2a: Skarmory
|-damage|p2a: Skarmory|184\/333
|-damage|p1a: HODOR|217\/523|[from] recoil|[of] p2a: Skarmory
|
|-heal|p2a: Skarmory|204\/333|[from] item: Leftovers
|-heal|p1a: HODOR|249\/523|[from] item: Leftovers
|upkeep
|turn|73
|J|Rumor
|L|Nintendi
|L|Freeroamer
|L|dragonuser
|J|Mervis
|choice|move fireblast|move drillpeck
|
|move|p2a: Skarmory|Drill Peck|p1a: HODOR
|-damage|p1a: HODOR|143\/523
|move|p1a: HODOR|Fire Blast|p2a: Skarmory|[miss]
|-miss|p1a: HODOR|p2a: Skarmory
|
|-heal|p2a: Skarmory|224\/333|[from] item: Leftovers
|-heal|p1a: HODOR|175\/523|[from] item: Leftovers
|upkeep
|turn|74
|L|Shubaki
|L|Town Portal Scroll
|choice|move rest|move drillpeck
|
|move|p2a: Skarmory|Drill Peck|p1a: HODOR
|-damage|p1a: HODOR|64\/523
|move|p1a: HODOR|Rest|p1a: HODOR
|-status|p1: HODOR|slp
|-heal|p1a: HODOR|523\/523 slp|[silent]
|-status|p1a: HODOR|slp|[from] move: Rest
|
|-heal|p2a: Skarmory|244\/333|[from] item: Leftovers
|upkeep
|turn|75
|L|Malta Kano
|choice|move doubleedge|switch 3
|
|switch|p2a: Snorlax|Snorlax, M|373\/523 slp
|-damage|p2a: Snorlax|308\/523 slp|[from] Spikes
|cant|p1: HODOR|slp
|
|-heal|p2a: Snorlax|340\/523 slp|[from] item: Leftovers
|upkeep
|turn|76
|L|poek97 ❄
|choice|move doubleedge|move bodyslam
|
|cant|p2: Snorlax|slp
|cant|p1: HODOR|slp
|
|-heal|p2a: Snorlax|372\/523 slp|[from] item: Leftovers
|upkeep
|turn|77
|L|Genesis7
|choice|move doubleedge|switch 3
|
|switch|p2a: Skarmory|Skarmory, M|244\/333
|-curestatus|p1a: HODOR|slp|[msg]
|move|p1a: HODOR|Double-Edge|p2a: Skarmory
|-resisted|p2a: Skarmory
|-damage|p2a: Skarmory|185\/333
|-damage|p1a: HODOR|509\/523|[from] recoil|[of] p2a: Skarmory
|
|-heal|p2a: Skarmory|205\/333|[from] item: Leftovers
|-heal|p1a: HODOR|523\/523|[from] item: Leftovers
|upkeep
|turn|78
|choice|move earthquake|move whirlwind
|
|move|p1a: HODOR|Earthquake|p2a: Skarmory
|-immune|p2a: Skarmory|[msg]
|move|p2a: Skarmory|Whirlwind|p1a: HODOR
|drag|p1a: HOLD THE DOOR|Skarmory, M|333\/333 slp
|
|-heal|p2a: Skarmory|225\/333|[from] item: Leftovers
|upkeep
|turn|79
|J|Malta Kano
|L|bro fist
|choice|move whirlwind|move curse
|
|move|p2a: Skarmory|Curse|p2a: Skarmory
|-unboost|p2a: Skarmory|spe|1
|-boost|p2a: Skarmory|atk|1
|-boost|p2a: Skarmory|def|1
|cant|p1: HOLD THE DOOR|slp
|
|-heal|p2a: Skarmory|245\/333|[from] item: Leftovers
|upkeep
|turn|80
|L|Funkasaurus
|J|6ti 三
|J|Klefkwi ~ ♆
|choice|move whirlwind|move whirlwind
|
|cant|p1: HOLD THE DOOR|slp
|move|p2a: Skarmory|Whirlwind|p1a: HOLD THE DOOR
|drag|p1a: HOLD DA DOOR|Forretress, M|301\/353
|
|-heal|p1a: HOLD DA DOOR|323\/353|[from] item: Leftovers
|-heal|p2a: Skarmory|265\/333|[from] item: Leftovers
|upkeep
|turn|81
|L|Klefkwi ~ ♆
|L|klefkiholder
|choice|switch 3|move drillpeck
|
|switch|p1a: HOLDOOR|Zapdos|379\/383
|move|p2a: Skarmory|Drill Peck|p1a: HOLDOOR
|-resisted|p1a: HOLDOOR
|-damage|p1a: HOLDOOR|314\/383
|
|-heal|p1a: HOLDOOR|337\/383|[from] item: Leftovers
|-heal|p2a: Skarmory|285\/333|[from] item: Leftovers
|upkeep
|turn|82
|L|Rewer
|L|habajiga
|choice|move thunder|switch 5
|
|switch|p2a: Raikou|Raikou|196\/383
|-damage|p2a: Raikou|149\/383|[from] Spikes
|move|p1a: HOLDOOR|Thunder|p2a: Raikou|[miss]
|-miss|p1a: HOLDOOR|p2a: Raikou
|
|-heal|p2a: Raikou|172\/383|[from] item: Leftovers
|-heal|p1a: HOLDOOR|360\/383|[from] item: Leftovers
|upkeep
|turn|83
|L|We Three Kings
|L|BluBirD
|J|Tobes
|L|dekzeh
|J|idm tubby
|J|AndrewLee056
|L|AndrewLee056
|choice|switch 5|move reflect
|
|switch|p1a: HOLD DOOR|Quagsire, M|243\/393
|move|p2a: Raikou|Reflect|p2a: Raikou
|-sidestart|p2: d0nut|Reflect
|
|-heal|p2a: Raikou|195\/383|[from] item: Leftovers
|-heal|p1a: HOLD DOOR|267\/393|[from] item: Leftovers
|upkeep
|turn|84
|L|6ti 三
|choice|switch 2|switch 3
|
|switch|p2a: Snorlax|Snorlax, M|372\/523 slp
|-damage|p2a: Snorlax|307\/523 slp|[from] Spikes
|switch|p1a: HOLDOR|Misdreavus, M|258\/323
|
|-heal|p1a: HOLDOR|278\/323|[from] item: Leftovers
|-heal|p2a: Snorlax|339\/523 slp|[from] item: Leftovers
|upkeep
|turn|85
|J|Fakkesi
|choice|move thunder|move earthquake
|
|move|p1a: HOLDOR|Thunder|p2a: Snorlax
|-crit|p2a: Snorlax
|-damage|p2a: Snorlax|191\/523 slp
|cant|p2: Snorlax|slp
|
|-heal|p1a: HOLDOR|298\/323|[from] item: Leftovers
|-heal|p2a: Snorlax|223\/523 slp|[from] item: Leftovers
|upkeep
|turn|86
|J|SOULWIND❄
|choice|switch 6|move bellydrum
|
|switch|p1a: HODOR|Snorlax, M|523\/523
|-curestatus|p2a: Snorlax|slp|[msg]
|move|p2a: Snorlax|Belly Drum|p2a: Snorlax
|-boost|p2a: Snorlax|atk|2|[silent]
|-hint|In Gen 2, Belly Drum boosts by 2 when it fails.
|-fail|p2a: Snorlax
|
|-heal|p2a: Snorlax|255\/523|[from] item: Leftovers
|upkeep
|turn|87
|L|idm tubby
|J|Genesis7
|choice|move doubleedge|move bodyslam
|
|move|p2a: Snorlax|Body Slam|p1a: HODOR
|-damage|p1a: HODOR|244\/523
|-status|p1a: HODOR|par
|cant|p1: HODOR|par
|
|-heal|p2a: Snorlax|287\/523|[from] item: Leftovers
|-heal|p1a: HODOR|276\/523 par|[from] item: Leftovers
|-sideend|p2: d0nut|Reflect
|upkeep
|turn|88
|J|talkin on the low
|J|Astamatitos
|choice|switch 4|move bodyslam
|
|switch|p1a: HOLD THE DOOR|Skarmory, M|333\/333 slp
|move|p2a: Snorlax|Body Slam|p1a: HOLD THE DOOR
|-resisted|p1a: HOLD THE DOOR
|-damage|p1a: HOLD THE DOOR|245\/333 slp
|
|-heal|p1a: HOLD THE DOOR|265\/333 slp|[from] item: Leftovers
|-heal|p2a: Snorlax|319\/523|[from] item: Leftovers
|upkeep
|turn|89
|choice|move whirlwind|move bodyslam
|
|move|p2a: Snorlax|Body Slam|p1a: HOLD THE DOOR
|-resisted|p1a: HOLD THE DOOR
|-damage|p1a: HOLD THE DOOR|177\/333 slp
|-curestatus|p1a: HOLD THE DOOR|slp|[msg]
|move|p1a: HOLD THE DOOR|Whirlwind|p2a: Snorlax
|drag|p2a: Skarmory|Skarmory, M|285\/333
|
|-heal|p2a: Skarmory|305\/333|[from] item: Leftovers
|-heal|p1a: HOLD THE DOOR|197\/333|[from] item: Leftovers
|upkeep
|turn|90
|J|Blightbringerr
|choice|switch 4|switch 3
|
|switch|p1a: HODOR|Snorlax, M|276\/523 par
|switch|p2a: Raikou|Raikou|195\/383
|-damage|p2a: Raikou|148\/383|[from] Spikes
|
|-heal|p2a: Raikou|171\/383|[from] item: Leftovers
|-heal|p1a: HODOR|308\/523 par|[from] item: Leftovers
|upkeep
|turn|91
|J|Reje-
|L|hamhamhamham
|J|Crystal_ rby
|choice|move rest|move thunder
|
|move|p2a: Raikou|Thunder|p1a: HODOR
|-damage|p1a: HODOR|156\/523 par
|move|p1a: HODOR|Rest|p1a: HODOR
|-status|p1: HODOR|slp
|-heal|p1a: HODOR|523\/523 slp|[silent]
|-status|p1a: HODOR|slp|[from] move: Rest
|
|-heal|p2a: Raikou|194\/383|[from] item: Leftovers
|upkeep
|turn|92
|J|hamhamhamham
|choice|move doubleedge|switch 5
|
|switch|p2a: Snorlax|Snorlax, M|319\/523
|-damage|p2a: Snorlax|254\/523|[from] Spikes
|cant|p1: HODOR|slp
|
|-heal|p2a: Snorlax|286\/523|[from] item: Leftovers
|upkeep
|turn|93
|L|Crystal_ rby
|choice|move doubleedge|move bodyslam
|
|cant|p1: HODOR|slp
|move|p2a: Snorlax|Body Slam|p1a: HODOR
|-damage|p1a: HODOR|392\/523 slp
|
|-heal|p1a: HODOR|424\/523 slp|[from] item: Leftovers
|-heal|p2a: Snorlax|318\/523|[from] item: Leftovers
|upkeep
|turn|94
|choice|switch 6|move bodyslam
|
|switch|p1a: HOLDOR|Misdreavus, M|298\/323
|move|p2a: Snorlax|Body Slam|p1a: HOLDOR
|-immune|p1a: HOLDOR|[msg]
|
|-heal|p1a: HOLDOR|318\/323|[from] item: Leftovers
|-heal|p2a: Snorlax|350\/523|[from] item: Leftovers
|upkeep
|turn|95
|J|wenbroly
|J|Karppi
|J|I Am a Rookie
|choice|move hypnosis|move earthquake
|
|move|p1a: HOLDOR|Hypnosis|p2a: Snorlax
|-status|p2: Snorlax|slp
|cant|p2: Snorlax|slp
|
|-heal|p1a: HOLDOR|323\/323|[from] item: Leftovers
|-heal|p2a: Snorlax|382\/523 slp|[from] item: Leftovers
|upkeep
|turn|96
|J|M Dragon☼-
|J|Christo
|choice|switch 6|move earthquake
|
|switch|p1a: HODOR|Snorlax, M|424\/523 slp
|cant|p2: Snorlax|slp
|
|-heal|p2a: Snorlax|414\/523 slp|[from] item: Leftovers
|-heal|p1a: HODOR|456\/523 slp|[from] item: Leftovers
|upkeep
|turn|97
|L|Aberforth
|choice|move earthquake|switch 3
|
|switch|p2a: Skarmory|Skarmory, M|305\/333
|-curestatus|p1a: HODOR|slp|[msg]
|move|p1a: HODOR|Earthquake|p2a: Skarmory
|-immune|p2a: Skarmory|[msg]
|
|-heal|p2a: Skarmory|325\/333|[from] item: Leftovers
|-heal|p1a: HODOR|488\/523|[from] item: Leftovers
|upkeep
|turn|98
|L|valentine ❤❄
|J|Nintendi
|J|teal6
|choice|move fireblast|move whirlwind
|
|move|p1a: HODOR|Fire Blast|p2a: Skarmory
|-supereffective|p2a: Skarmory
|-damage|p2a: Skarmory|129\/333
|move|p2a: Skarmory|Whirlwind|p1a: HODOR
|drag|p1a: HOLD DOOR|Quagsire, M|267\/393
|
|-heal|p2a: Skarmory|149\/333|[from] item: Leftovers
|-heal|p1a: HOLD DOOR|291\/393|[from] item: Leftovers
|upkeep
|turn|99
|L|marrano
|choice|move hiddenpower|move whirlwind
|
|move|p1a: HOLD DOOR|Hidden Power|p2a: Skarmory
|-damage|p2a: Skarmory|108\/333
|move|p2a: Skarmory|Whirlwind|p1a: HOLD DOOR
|drag|p1a: HOLD THE DOOR|Skarmory, M|197\/333
|
|-heal|p2a: Skarmory|128\/333|[from] item: Leftovers
|-heal|p1a: HOLD THE DOOR|217\/333|[from] item: Leftovers
|upkeep
|turn|100
|J|Funkasaurus
|L|Funkasaurus
|choice|switch 5|move whirlwind
|
|switch|p1a: HOLDOOR|Zapdos|360\/383
|move|p2a: Skarmory|Whirlwind|p1a: HOLDOOR
|drag|p1a: HOLDOR|Misdreavus, M|323\/323
|
|-heal|p2a: Skarmory|148\/333|[from] item: Leftovers
|upkeep
|turn|101
|J|zeropops
|J|Googly
|choice|switch 4|switch 5
|
|switch|p1a: HOLD DOOR|Quagsire, M|291\/393
|switch|p2a: Raikou|Raikou|194\/383
|-damage|p2a: Raikou|147\/383|[from] Spikes
|
|-heal|p2a: Raikou|170\/383|[from] item: Leftovers
|-heal|p1a: HOLD DOOR|315\/393|[from] item: Leftovers
|upkeep
|turn|102
|L|Alexander♚
|L|Genesis7
|choice|move bellydrum|move roar
|
|move|p1a: HOLD DOOR|Belly Drum|p1a: HOLD DOOR
|-damage|p1a: HOLD DOOR|119\/393
|-setboost|p1a: HOLD DOOR|atk|6|[from] move: Belly Drum
|move|p2a: Raikou|Roar|p1a: HOLD DOOR
|drag|p1a: HODOR|Snorlax, M|488\/523
|
|-heal|p2a: Raikou|193\/383|[from] item: Leftovers
|-heal|p1a: HODOR|520\/523|[from] item: Leftovers
|upkeep
|turn|103
|J|Drampaage
|J|LUCK>SKILL
|choice|move doubleedge|move reflect
|
|move|p2a: Raikou|Reflect|p2a: Raikou
|-sidestart|p2: d0nut|Reflect
|move|p1a: HODOR|Double-Edge|p2a: Raikou
|-damage|p2a: Raikou|103\/383
|-damage|p1a: HODOR|498\/523|[from] recoil|[of] p2a: Raikou
|
|-heal|p2a: Raikou|126\/383|[from] item: Leftovers
|-heal|p1a: HODOR|523\/523|[from] item: Leftovers
|upkeep
|turn|104
|J|CO Rockruffs
|J|Newalfonquest
|choice|switch 2|move rest
|
|switch|p1a: HOLD DOOR|Quagsire, M|119\/393
|move|p2a: Raikou|Rest|p2a: Raikou
|-status|p2: Raikou|slp
|-heal|p2a: Raikou|383\/383 slp|[silent]
|-status|p2a: Raikou|slp|[from] move: Rest
|
|-heal|p1a: HOLD DOOR|143\/393|[from] item: Leftovers
|upkeep
|turn|105
|choice|move rest|move reflect
|
|cant|p2: Raikou|slp
|move|p1a: HOLD DOOR|Rest|p1a: HOLD DOOR
|-status|p1: HOLD DOOR|slp
|-heal|p1a: HOLD DOOR|393\/393 slp|[silent]
|-status|p1a: HOLD DOOR|slp|[from] move: Rest
|
|upkeep
|turn|106
|choice|move hiddenpower|move reflect
|
|cant|p2: Raikou|slp
|cant|p1: HOLD DOOR|slp
|
|upkeep
|turn|107
|choice|move hiddenpower|switch 5
|
|switch|p2a: Skarmory|Skarmory, M|148\/333
|cant|p1: HOLD DOOR|slp
|
|-heal|p2a: Skarmory|168\/333|[from] item: Leftovers
|-sideend|p2: d0nut|Reflect
|upkeep
|turn|108
|J|Vai Lusa
|choice|move hiddenpower|move curse
|
|move|p2a: Skarmory|Curse|p2a: Skarmory
|-unboost|p2a: Skarmory|spe|1
|-boost|p2a: Skarmory|atk|1
|-boost|p2a: Skarmory|def|1
|-curestatus|p1a: HOLD DOOR|slp|[msg]
|move|p1a: HOLD DOOR|Hidden Power|p2a: Skarmory
|-damage|p2a: Skarmory|141\/333
|
|-heal|p2a: Skarmory|161\/333|[from] item: Leftovers
|upkeep
|turn|109
|J|Nails ☎ ☎
|choice|switch 6|move drillpeck
|
|switch|p1a: HOLDOOR|Zapdos|360\/383
|move|p2a: Skarmory|Drill Peck|p1a: HOLDOOR
|-resisted|p1a: HOLDOOR
|-damage|p1a: HOLDOOR|292\/383
|
|-heal|p1a: HOLDOOR|315\/383|[from] item: Leftovers
|-heal|p2a: Skarmory|181\/333|[from] item: Leftovers
|upkeep
|turn|110
|choice|switch 6|switch 5
|
|switch|p1a: HOLD DOOR|Quagsire, M|393\/393
|switch|p2a: Raikou|Raikou|383\/383 slp
|-damage|p2a: Raikou|336\/383 slp|[from] Spikes
|
|-heal|p2a: Raikou|359\/383 slp|[from] item: Leftovers
|upkeep
|turn|111
|choice|move earthquake|switch 5
|
|switch|p2a: Skarmory|Skarmory, M|181\/333
|move|p1a: HOLD DOOR|Earthquake|p2a: Skarmory
|-immune|p2a: Skarmory|[msg]
|
|-heal|p2a: Skarmory|201\/333|[from] item: Leftovers
|upkeep
|turn|112
|choice|switch 6|move whirlwind
|
|switch|p1a: HOLDOOR|Zapdos|315\/383
|move|p2a: Skarmory|Whirlwind|p1a: HOLDOOR
|drag|p1a: HODOR|Snorlax, M|523\/523
|
|-heal|p2a: Skarmory|221\/333|[from] item: Leftovers
|upkeep
|turn|113
|choice|move doubleedge|move whirlwind
|
|move|p1a: HODOR|Double-Edge|p2a: Skarmory
|-resisted|p2a: Skarmory
|-damage|p2a: Skarmory|162\/333
|-damage|p1a: HODOR|509\/523|[from] recoil|[of] p2a: Skarmory
|move|p2a: Skarmory|Whirlwind|p1a: HODOR
|drag|p1a: HOLD DA DOOR|Forretress, M|323\/353
|
|-heal|p2a: Skarmory|182\/333|[from] item: Leftovers
|-heal|p1a: HOLD DA DOOR|345\/353|[from] item: Leftovers
|upkeep
|turn|114
|choice|switch 2|move drillpeck
|
|switch|p1a: HOLDOOR|Zapdos|315\/383
|move|p2a: Skarmory|Drill Peck|p1a: HOLDOOR
|-resisted|p1a: HOLDOOR
|-damage|p1a: HOLDOOR|267\/383
|
|-heal|p1a: HOLDOOR|290\/383|[from] item: Leftovers
|-heal|p2a: Skarmory|202\/333|[from] item: Leftovers
|upkeep
|turn|115
|L|Bouff
|J|Peasounay
|choice|switch 6|switch 5
|
|switch|p1a: HOLD DOOR|Quagsire, M|393\/393
|switch|p2a: Raikou|Raikou|359\/383 slp
|-damage|p2a: Raikou|312\/383 slp|[from] Spikes
|
|-heal|p2a: Raikou|335\/383 slp|[from] item: Leftovers
|upkeep
|turn|116
|L|Peasounay
|choice|move bellydrum|switch 5
|
|switch|p2a: Skarmory|Skarmory, M|202\/333
|move|p1a: HOLD DOOR|Belly Drum|p1a: HOLD DOOR
|-damage|p1a: HOLD DOOR|197\/393
|-setboost|p1a: HOLD DOOR|atk|6|[from] move: Belly Drum
|
|-heal|p2a: Skarmory|222\/333|[from] item: Leftovers
|-heal|p1a: HOLD DOOR|221\/393|[from] item: Leftovers
|upkeep
|turn|117
|L|reyscarface
|L|dirty mind
|J|AndrewLee056
|choice|move hiddenpower|move whirlwind
|
|move|p1a: HOLD DOOR|Hidden Power|p2a: Skarmory
|-damage|p2a: Skarmory|72\/333
|move|p2a: Skarmory|Whirlwind|p1a: HOLD DOOR
|drag|p1a: HOLDOOR|Zapdos|290\/383
|
|-heal|p1a: HOLDOOR|313\/383|[from] item: Leftovers
|-heal|p2a: Skarmory|92\/333|[from] item: Leftovers
|upkeep
|turn|118
|L|Celysi(◑_◑)
|J|Villa
|J|reyscarface
|choice|move thunder|switch 5
|
|switch|p2a: Raikou|Raikou|335\/383 slp
|-damage|p2a: Raikou|288\/383 slp|[from] Spikes
|move|p1a: HOLDOOR|Thunder|p2a: Raikou
|-crit|p2a: Raikou
|-resisted|p2a: Raikou
|-damage|p2a: Raikou|128\/383 slp
|
|-heal|p2a: Raikou|151\/383 slp|[from] item: Leftovers
|-heal|p1a: HOLDOOR|336\/383|[from] item: Leftovers
|upkeep
|turn|119
|J|HYPERFLUME
|J|Celysi(◑_◑)
|J|Hack
|L|HYPERFLUME
|choice|move thunder|move reflect
|
|-curestatus|p2a: Raikou|slp|[msg]
|move|p2a: Raikou|Reflect|p2a: Raikou
|-sidestart|p2: d0nut|Reflect
|move|p1a: HOLDOOR|Thunder|p2a: Raikou
|-resisted|p2a: Raikou
|-damage|p2a: Raikou|73\/383
|-status|p2a: Raikou|par
|
|-heal|p1a: HOLDOOR|359\/383|[from] item: Leftovers
|-heal|p2a: Raikou|96\/383 par|[from] item: Leftovers
|upkeep
|turn|120
|choice|move hiddenpower|move rest
|
|move|p1a: HOLDOOR|Hidden Power|p2a: Raikou
|-damage|p2a: Raikou|36\/383 par
|move|p2a: Raikou|Rest|p2a: Raikou
|-status|p2: Raikou|slp
|-heal|p2a: Raikou|383\/383 slp|[silent]
|-status|p2a: Raikou|slp|[from] move: Rest
|
|-heal|p1a: HOLDOOR|382\/383|[from] item: Leftovers
|upkeep
|turn|121
|J|Mr.E
|choice|switch 3|move reflect
|
|switch|p1a: HODOR|Snorlax, M|509\/523
|cant|p2: Raikou|slp
|
|-heal|p1a: HODOR|523\/523|[from] item: Leftovers
|upkeep
|turn|122
|J|FMG
|choice|move earthquake|move roar
|
|move|p1a: HODOR|Earthquake|p2a: Raikou
|-supereffective|p2a: Raikou
|-damage|p2a: Raikou|279\/383 slp
|cant|p2: Raikou|slp
|
|-heal|p2a: Raikou|302\/383 slp|[from] item: Leftovers
|upkeep
|turn|123
|L|FMG
|J|Aurious
|choice|switch 6|move roar
|
|switch|p1a: HOLD DOOR|Quagsire, M|221\/393
|-curestatus|p2a: Raikou|slp|[msg]
|move|p2a: Raikou|Roar|p1a: HOLD DOOR
|drag|p1a: HOLD DA DOOR|Forretress, M|345\/353
|
|-heal|p2a: Raikou|325\/383|[from] item: Leftovers
|-heal|p1a: HOLD DA DOOR|353\/353|[from] item: Leftovers
|-sideend|p2: d0nut|Reflect
|upkeep
|turn|124
|J|North
|J|Flaress
|choice|move toxic|move reflect
|
|move|p2a: Raikou|Reflect|p2a: Raikou
|-sidestart|p2: d0nut|Reflect
|move|p1a: HOLD DA DOOR|Toxic|p2a: Raikou
|-status|p2a: Raikou|tox
|
|-heal|p2a: Raikou|348\/383 tox|[from] item: Leftovers
|upkeep
|turn|125
|J|soviet
|choice|switch 2|switch 5
|
|switch|p2a: Skarmory|Skarmory, M|92\/333
|switch|p1a: HOLD DOOR|Quagsire, M|221\/393
|
|-heal|p2a: Skarmory|112\/333|[from] item: Leftovers
|-heal|p1a: HOLD DOOR|245\/393|[from] item: Leftovers
|upkeep
|turn|126
|choice|move hiddenpower|move drillpeck
|
|move|p2a: Skarmory|Drill Peck|p1a: HOLD DOOR
|-crit|p1a: HOLD DOOR
|-damage|p1a: HOLD DOOR|72\/393
|move|p1a: HOLD DOOR|Hidden Power|p2a: Skarmory
|-damage|p2a: Skarmory|94\/333
|
|-heal|p2a: Skarmory|114\/333|[from] item: Leftovers
|-heal|p1a: HOLD DOOR|96\/393|[from] item: Leftovers
|upkeep
|turn|127
|J|We Three Kings
|J|aHHa sun
|choice|move rest|move rest
|
|move|p2a: Skarmory|Rest|p2a: Skarmory
|-status|p2: Skarmory|slp
|-heal|p2a: Skarmory|333\/333 slp|[silent]
|-status|p2a: Skarmory|slp|[from] move: Rest
|move|p1a: HOLD DOOR|Rest|p1a: HOLD DOOR
|-status|p1: HOLD DOOR|slp
|-heal|p1a: HOLD DOOR|393\/393 slp|[silent]
|-status|p1a: HOLD DOOR|slp|[from] move: Rest
|
|upkeep
|turn|128
|choice|switch 5|move drillpeck
|
|switch|p1a: HOLD THE DOOR|Skarmory, M|217\/333
|cant|p2: Skarmory|slp
|
|-heal|p1a: HOLD THE DOOR|237\/333|[from] item: Leftovers
|-sideend|p2: d0nut|Reflect
|upkeep
|turn|129
|choice|move whirlwind|move whirlwind
|
|move|p1a: HOLD THE DOOR|Whirlwind|p2a: Skarmory
|-fail|p2a: Skarmory
|cant|p2: Skarmory|slp
|
|-heal|p1a: HOLD THE DOOR|257\/333|[from] item: Leftovers
|upkeep
|turn|130
|J|Genesis7
|L|Hack
|J|infinight darknes
|choice|move curse|move drillpeck
|
|-curestatus|p2a: Skarmory|slp|[msg]
|move|p2a: Skarmory|Drill Peck|p1a: HOLD THE DOOR
|-resisted|p1a: HOLD THE DOOR
|-damage|p1a: HOLD THE DOOR|227\/333
|move|p1a: HOLD THE DOOR|Curse|p1a: HOLD THE DOOR
|-unboost|p1a: HOLD THE DOOR|spe|1
|-boost|p1a: HOLD THE DOOR|atk|1
|-boost|p1a: HOLD THE DOOR|def|1
|
|-heal|p1a: HOLD THE DOOR|247\/333|[from] item: Leftovers
|upkeep
|turn|131
|L|AndrewLee056
|J|Hack
|L|miltankmilk
|choice|move whirlwind|move whirlwind
|
|move|p2a: Skarmory|Whirlwind|p1a: HOLD THE DOOR
|-fail|p1a: HOLD THE DOOR
|move|p1a: HOLD THE DOOR|Whirlwind|p2a: Skarmory
|drag|p2a: Snorlax|Snorlax, M|414\/523 slp
|-damage|p2a: Snorlax|349\/523 slp|[from] Spikes
|
|-heal|p2a: Snorlax|381\/523 slp|[from] item: Leftovers
|-heal|p1a: HOLD THE DOOR|267\/333|[from] item: Leftovers
|upkeep
|turn|132
|choice|move drillpeck|switch 3
|
|switch|p2a: Skarmory|Skarmory, M|333\/333
|move|p1a: HOLD THE DOOR|Drill Peck|p2a: Skarmory
|-resisted|p2a: Skarmory
|-damage|p2a: Skarmory|282\/333
|
|-heal|p2a: Skarmory|302\/333|[from] item: Leftovers
|-heal|p1a: HOLD THE DOOR|287\/333|[from] item: Leftovers
|upkeep
|turn|133
|choice|move whirlwind|move whirlwind
|
|move|p2a: Skarmory|Whirlwind|p1a: HOLD THE DOOR
|-fail|p1a: HOLD THE DOOR
|move|p1a: HOLD THE DOOR|Whirlwind|p2a: Skarmory
|drag|p2a: Snorlax|Snorlax, M|381\/523 slp
|-damage|p2a: Snorlax|316\/523 slp|[from] Spikes
|
|-heal|p2a: Snorlax|348\/523 slp|[from] item: Leftovers
|-heal|p1a: HOLD THE DOOR|307\/333|[from] item: Leftovers
|upkeep
|turn|134
|choice|move whirlwind|switch 3
|
|switch|p2a: Skarmory|Skarmory, M|302\/333
|move|p1a: HOLD THE DOOR|Whirlwind|p2a: Skarmory
|drag|p2a: Raikou|Raikou|348\/383 tox
|-status|p2a: Raikou|psn
|-damage|p2a: Raikou|301\/383 psn|[from] Spikes
|
|-heal|p2a: Raikou|324\/383 psn|[from] item: Leftovers
|-heal|p1a: HOLD THE DOOR|327\/333|[from] item: Leftovers
|upkeep
|turn|135
|L|M Dragon☼-
|choice|switch 5|move reflect
|
|switch|p1a: HOLD DOOR|Quagsire, M|393\/393 slp
|move|p2a: Raikou|Reflect|p2a: Raikou
|-sidestart|p2: d0nut|Reflect
|-damage|p2a: Raikou|277\/383 psn|[from] psn
|
|-heal|p2a: Raikou|300\/383 psn|[from] item: Leftovers
|upkeep
|turn|136
|J|Alexander♚
|choice|move hiddenpower|switch 3
|
|switch|p2a: Snorlax|Snorlax, M|348\/523 slp
|-damage|p2a: Snorlax|283\/523 slp|[from] Spikes
|cant|p1: HOLD DOOR|slp
|
|-heal|p2a: Snorlax|315\/523 slp|[from] item: Leftovers
|upkeep
|turn|137
|L|calm belt
|L|Alexander♚
|J|welliou..
|L|boltsandbombers
|L|dis guy is a pidor
|L|NJNP➏神
|choice|move bellydrum|move bodyslam
|
|cant|p1: HOLD DOOR|slp
|cant|p2: Snorlax|slp
|
|-heal|p2a: Snorlax|347\/523 slp|[from] item: Leftovers
|upkeep
|turn|138
|J|Ninjacalibur__
|choice|move bellydrum|move bodyslam
|
|-curestatus|p1a: HOLD DOOR|slp|[msg]
|move|p1a: HOLD DOOR|Belly Drum|p1a: HOLD DOOR
|-damage|p1a: HOLD DOOR|197\/393
|-setboost|p1a: HOLD DOOR|atk|6|[from] move: Belly Drum
|cant|p2: Snorlax|slp
|
|-heal|p1a: HOLD DOOR|221\/393|[from] item: Leftovers
|-heal|p2a: Snorlax|379\/523 slp|[from] item: Leftovers
|upkeep
|turn|139
|L|Genesis7
|L|Ninjacalibur__
|choice|move hiddenpower|switch 5
|
|switch|p2a: Skarmory|Skarmory, M|302\/333
|move|p1a: HOLD DOOR|Hidden Power|p2a: Skarmory
|-damage|p2a: Skarmory|228\/333
|
|-heal|p2a: Skarmory|248\/333|[from] item: Leftovers
|-heal|p1a: HOLD DOOR|245\/393|[from] item: Leftovers
|-sideend|p2: d0nut|Reflect
|upkeep
|turn|140
|L|welliou..
|J|tko
|choice|move hiddenpower|move whirlwind
|
|move|p1a: HOLD DOOR|Hidden Power|p2a: Skarmory
|-damage|p2a: Skarmory|114\/333
|move|p2a: Skarmory|Whirlwind|p1a: HOLD DOOR
|drag|p1a: HOLDOR|Misdreavus, M|323\/323
|
|-heal|p2a: Skarmory|134\/333|[from] item: Leftovers
|upkeep
|turn|141
|J|Foggi キング
|J|Infinys
|L|Foggi キング
|L|infinight darknes
|J|Funkasaurus
|choice|switch 6|switch 3
|
|switch|p1a: HODOR|Snorlax, M|523\/523
|switch|p2a: Raikou|Raikou|300\/383 psn
|-damage|p2a: Raikou|253\/383 psn|[from] Spikes
|-damage|p2a: Raikou|206\/383 psn|[from] psn
|
|-heal|p2a: Raikou|229\/383 psn|[from] item: Leftovers
|upkeep
|turn|142
|choice|move earthquake|move reflect
|
|move|p2a: Raikou|Reflect|p2a: Raikou
|-sidestart|p2: d0nut|Reflect
|-damage|p2a: Raikou|182\/383 psn|[from] psn
|move|p1a: HODOR|Earthquake|p2a: Raikou
|-supereffective|p2a: Raikou
|-damage|p2a: Raikou|79\/383 psn
|
|-heal|p2a: Raikou|102\/383 psn|[from] item: Leftovers
|upkeep
|turn|143
|J|idm tubby
|L|idm tubby
|L|HyperLopunny!!!
|L|lemaitre<3
|choice|move earthquake|move rest
|
|move|p2a: Raikou|Rest|p2a: Raikou
|-status|p2: Raikou|slp
|-heal|p2a: Raikou|383\/383 slp|[silent]
|-status|p2a: Raikou|slp|[from] move: Rest
|move|p1a: HODOR|Earthquake|p2a: Raikou
|-supereffective|p2a: Raikou
|-damage|p2a: Raikou|279\/383 slp
|
|-heal|p2a: Raikou|302\/383 slp|[from] item: Leftovers
|upkeep
|turn|144
|J|lemaitre<3
|choice|switch 4|move reflect
|
|switch|p1a: HOLD DOOR|Quagsire, M|245\/393
|cant|p2: Raikou|slp
|
|-heal|p2a: Raikou|325\/383 slp|[from] item: Leftovers
|-heal|p1a: HOLD DOOR|269\/393|[from] item: Leftovers
|upkeep
|turn|145
|L|Syl♥ie Lyyneheym
|choice|switch 5|switch 5
|
|switch|p2a: Snorlax|Snorlax, M|379\/523 slp
|-damage|p2a: Snorlax|314\/523 slp|[from] Spikes
|switch|p1a: HOLD THE DOOR|Skarmory, M|327\/333
|
|-heal|p1a: HOLD THE DOOR|333\/333|[from] item: Leftovers
|-heal|p2a: Snorlax|346\/523 slp|[from] item: Leftovers
|upkeep
|turn|146
|choice|move whirlwind|move bodyslam
|
|-curestatus|p2a: Snorlax|slp|[msg]
|move|p2a: Snorlax|Body Slam|p1a: HOLD THE DOOR
|-resisted|p1a: HOLD THE DOOR
|-damage|p1a: HOLD THE DOOR|293\/333
|-status|p1a: HOLD THE DOOR|par
|move|p1a: HOLD THE DOOR|Whirlwind|p2a: Snorlax
|drag|p2a: Skarmory|Skarmory, M|134\/333
|
|-heal|p2a: Skarmory|154\/333|[from] item: Leftovers
|-heal|p1a: HOLD THE DOOR|313\/333 par|[from] item: Leftovers
|-sideend|p2: d0nut|Reflect
|upkeep
|turn|147
|L|Teddeh
|choice|move rest|switch 5
|
|switch|p2a: Raikou|Raikou|325\/383 slp
|-damage|p2a: Raikou|278\/383 slp|[from] Spikes
|cant|p1: HOLD THE DOOR|par
|
|-heal|p2a: Raikou|301\/383 slp|[from] item: Leftovers
|-heal|p1a: HOLD THE DOOR|333\/333 par|[from] item: Leftovers
|upkeep
|turn|148
|L|Rampecker
|J|Omfuga
|L|aqqq
|choice|move drillpeck|move reflect
|
|cant|p2: Raikou|slp
|cant|p1: HOLD THE DOOR|par
|
|-heal|p2a: Raikou|324\/383 slp|[from] item: Leftovers
|upkeep
|turn|149
|J|accalant
|choice|switch 5|move reflect
|
|switch|p1a: HOLD DOOR|Quagsire, M|269\/393
|-curestatus|p2a: Raikou|slp|[msg]
|move|p2a: Raikou|Reflect|p2a: Raikou
|-sidestart|p2: d0nut|Reflect
|
|-heal|p2a: Raikou|347\/383|[from] item: Leftovers
|-heal|p1a: HOLD DOOR|293\/393|[from] item: Leftovers
|upkeep
|turn|150
|J|AndrewLee056
|choice|switch 6|switch 5
|
|switch|p2a: Skarmory|Skarmory, M|154\/333
|switch|p1a: HOLDOR|Misdreavus, M|323\/323
|
|-heal|p2a: Skarmory|174\/333|[from] item: Leftovers
|upkeep
|turn|151
|L|AndrewLee056
|J|Klefkwi ~ ♆
|choice|move hypnosis|switch 5
|
|switch|p2a: Raikou|Raikou|347\/383
|-damage|p2a: Raikou|300\/383|[from] Spikes
|move|p1a: HOLDOR|Hypnosis|p2a: Raikou
|-status|p2: Raikou|slp
|
|-heal|p2a: Raikou|323\/383 slp|[from] item: Leftovers
|upkeep
|turn|152
|L|accalant
|L|choolio iglesias
|J|accalant
|J|YMASSSS
|J|Stalker5
|choice|switch 4|move roar
|
|switch|p1a: HODOR|Snorlax, M|523\/523
|cant|p2: Raikou|slp
|
|-heal|p2a: Raikou|346\/383 slp|[from] item: Leftovers
|upkeep
|turn|153
|choice|move doubleedge|move roar
|
|move|p1a: HODOR|Double-Edge|p2a: Raikou
|-damage|p2a: Raikou|249\/383 slp
|-damage|p1a: HODOR|499\/523|[from] recoil|[of] p2a: Raikou
|cant|p2: Raikou|slp
|
|-heal|p2a: Raikou|272\/383 slp|[from] item: Leftovers
|-heal|p1a: HODOR|523\/523|[from] item: Leftovers
|-sideend|p2: d0nut|Reflect
|upkeep
|turn|154
|J|Saample Teams
|L|Saample Teams
|J|Saample Teams
|J|dank420memer
|choice|move fireblast|switch 5
|
|switch|p2a: Skarmory|Skarmory, M|174\/333
|move|p1a: HODOR|Fire Blast|p2a: Skarmory
|-supereffective|p2a: Skarmory
|-damage|p2a: Skarmory|0 fnt
|faint|p2a: Skarmory
|J|Hikari
|c|★d0nut|ah rip
|choice||switch 3
|
|switch|p2a: Snorlax|Snorlax, M|346\/523
|-damage|p2a: Snorlax|281\/523|[from] Spikes
|
|-heal|p2a: Snorlax|313\/523|[from] item: Leftovers
|upkeep
|turn|155
|L|Saample Teams
|L|Gunner Rohan
|choice|move doubleedge|move bodyslam
|
|move|p2a: Snorlax|Body Slam|p1a: HODOR
|-damage|p1a: HODOR|389\/523
|-status|p1a: HODOR|par
|cant|p1: HODOR|par
|
|-heal|p2a: Snorlax|345\/523|[from] item: Leftovers
|-heal|p1a: HODOR|421\/523 par|[from] item: Leftovers
|upkeep
|turn|156
|L|ssjjynx
|c|★HODOR|stop that
|J|ssjjynx
|J|Hajker 2
|L|p2
|L|Infinys
|L|Corazan ✔️
|choice|move doubleedge|move earthquake
|
|move|p2a: Snorlax|Earthquake|p1a: HODOR
|-damage|p1a: HODOR|312\/523 par
|move|p1a: HODOR|Double-Edge|p2a: Snorlax
|-damage|p2a: Snorlax|134\/523
|-damage|p1a: HODOR|260\/523 par|[from] recoil|[of] p2a: Snorlax
|
|-heal|p2a: Snorlax|166\/523|[from] item: Leftovers
|-heal|p1a: HODOR|292\/523 par|[from] item: Leftovers
|upkeep
|turn|157
|J|Asuk4
|L|Mysterious M
|L|Hajker 2
|L|obii°
|J|TDK
|choice|move doubleedge|move rest
|
|move|p2a: Snorlax|Rest|p2a: Snorlax
|-status|p2: Snorlax|slp
|-heal|p2a: Snorlax|523\/523 slp|[silent]
|-status|p2a: Snorlax|slp|[from] move: Rest
|cant|p1: HODOR|par
|
|-heal|p1a: HODOR|324\/523 par|[from] item: Leftovers
|upkeep
|turn|158
|choice|move rest|move rest
|
|cant|p2: Snorlax|slp
|move|p1a: HODOR|Rest|p1a: HODOR
|-status|p1: HODOR|slp
|-heal|p1a: HODOR|523\/523 slp|[silent]
|-status|p1a: HODOR|slp|[from] move: Rest
|
|upkeep
|turn|159
|J|z0mOG
|L|Flaress
|J|snagaa
|choice|switch 5|move bellydrum
|
|switch|p1a: HOLD THE DOOR|Skarmory, M|333\/333 par
|cant|p2: Snorlax|slp
|
|upkeep
|turn|160
|J|phantom
|choice|move whirlwind|switch 5
|
|switch|p2a: Raikou|Raikou|272\/383 slp
|-damage|p2a: Raikou|225\/383 slp|[from] Spikes
|cant|p1: HOLD THE DOOR|par
|
|-heal|p2a: Raikou|248\/383 slp|[from] item: Leftovers
|upkeep
|turn|161
|choice|switch 5|move reflect
|
|switch|p1a: HODOR|Snorlax, M|523\/523 slp
|-curestatus|p2a: Raikou|slp|[msg]
|move|p2a: Raikou|Reflect|p2a: Raikou
|-sidestart|p2: d0nut|Reflect
|
|-heal|p2a: Raikou|271\/383|[from] item: Leftovers
|upkeep
|turn|162
|choice|move earthquake|switch 5
|
|switch|p2a: Snorlax|Snorlax, M|523\/523 slp
|-damage|p2a: Snorlax|458\/523 slp|[from] Spikes
|cant|p1: HODOR|slp
|
|-heal|p2a: Snorlax|490\/523 slp|[from] item: Leftovers
|upkeep
|turn|163
|J|FMG
|L|Fakkesi
|choice|switch 4|move bellydrum
|
|switch|p1a: HOLDOR|Misdreavus, M|323\/323
|-curestatus|p2a: Snorlax|slp|[msg]
|move|p2a: Snorlax|Belly Drum|p2a: Snorlax
|-damage|p2a: Snorlax|229\/523
|-setboost|p2a: Snorlax|atk|6|[from] move: Belly Drum
|
|-heal|p2a: Snorlax|261\/523|[from] item: Leftovers
|upkeep
|turn|164
|J|Genesis7
|L|FMG
|L|Strealet
|L|zeropops
|L|soviet
|choice|move hypnosis|move earthquake
|
|move|p1a: HOLDOR|Hypnosis|p2a: Snorlax
|-status|p2: Snorlax|slp
|cant|p2: Snorlax|slp
|
|-heal|p2a: Snorlax|293\/523 slp|[from] item: Leftovers
|upkeep
|turn|165
|choice|switch 5|move bodyslam
|
|switch|p1a: HOLD THE DOOR|Skarmory, M|333\/333 par
|-curestatus|p2a: Snorlax|slp|[msg]
|move|p2a: Snorlax|Body Slam|p1a: HOLD THE DOOR
|-resisted|p1a: HOLD THE DOOR
|-damage|p1a: HOLD THE DOOR|210\/333 par
|
|-heal|p2a: Snorlax|325\/523|[from] item: Leftovers
|-heal|p1a: HOLD THE DOOR|230\/333 par|[from] item: Leftovers
|-sideend|p2: d0nut|Reflect
|upkeep
|turn|166
|L|snagaa
|J|KyleCole
|choice|move whirlwind|move bodyslam
|
|move|p2a: Snorlax|Body Slam|p1a: HOLD THE DOOR
|-resisted|p1a: HOLD THE DOOR
|-damage|p1a: HOLD THE DOOR|92\/333 par
|move|p1a: HOLD THE DOOR|Whirlwind|p2a: Snorlax
|drag|p2a: Raikou|Raikou|271\/383
|-damage|p2a: Raikou|224\/383|[from] Spikes
|
|-heal|p2a: Raikou|247\/383|[from] item: Leftovers
|-heal|p1a: HOLD THE DOOR|112\/333 par|[from] item: Leftovers
|upkeep
|turn|167
|L|gslure
|J|Prof Lenin
|L|KyleCole
|choice|switch 6|switch 5
|
|switch|p2a: Snorlax|Snorlax, M|325\/523
|-damage|p2a: Snorlax|260\/523|[from] Spikes
|switch|p1a: HOLD DOOR|Quagsire, M|293\/393
|
|-heal|p1a: HOLD DOOR|317\/393|[from] item: Leftovers
|-heal|p2a: Snorlax|292\/523|[from] item: Leftovers
|upkeep
|turn|168
|J|Pandeth
|L|Soruxt
|J|Ayreonaut
|choice|move earthquake|move bodyslam
|
|move|p1a: HOLD DOOR|Earthquake|p2a: Snorlax
|-damage|p2a: Snorlax|162\/523
|move|p2a: Snorlax|Body Slam|p1a: HOLD DOOR
|-damage|p1a: HOLD DOOR|188\/393
|-status|p1a: HOLD DOOR|par
|
|-heal|p2a: Snorlax|194\/523|[from] item: Leftovers
|-heal|p1a: HOLD DOOR|212\/393 par|[from] item: Leftovers
|upkeep
|turn|169
|L|Pandeth
|choice|switch 6|move bellydrum
|
|switch|p1a: HOLD THE DOOR|Skarmory, M|112\/333 par
|move|p2a: Snorlax|Belly Drum|p2a: Snorlax
|-boost|p2a: Snorlax|atk|2|[silent]
|-hint|In Gen 2, Belly Drum boosts by 2 when it fails.
|-fail|p2a: Snorlax
|
|-heal|p2a: Snorlax|226\/523|[from] item: Leftovers
|-heal|p1a: HOLD THE DOOR|132\/333 par|[from] item: Leftovers
|upkeep
|turn|170
|L|Derk ◕‿◕
|choice|switch 5|move bodyslam
|
|switch|p1a: HOLDOR|Misdreavus, M|323\/323
|move|p2a: Snorlax|Body Slam|p1a: HOLDOR
|-immune|p1a: HOLDOR|[msg]
|
|-heal|p2a: Snorlax|258\/523|[from] item: Leftovers
|upkeep
|turn|171
|L|Noctur ͜..
|choice|move hypnosis|move earthquake
|
|move|p1a: HOLDOR|Hypnosis|p2a: Snorlax|[miss]
|-miss|p1a: HOLDOR|p2a: Snorlax
|move|p2a: Snorlax|Earthquake|p1a: HOLDOR
|-damage|p1a: HOLDOR|75\/323
|
|-heal|p1a: HOLDOR|95\/323|[from] item: Leftovers
|-heal|p2a: Snorlax|290\/523|[from] item: Leftovers
|upkeep
|turn|172
|choice|move hypnosis|move earthquake
|
|move|p1a: HOLDOR|Hypnosis|p2a: Snorlax
|-status|p2: Snorlax|slp
|cant|p2: Snorlax|slp
|
|-heal|p1a: HOLDOR|115\/323|[from] item: Leftovers
|-heal|p2a: Snorlax|322\/523 slp|[from] item: Leftovers
|upkeep
|turn|173
|J|Contacting
|choice|switch 5|move earthquake
|
|switch|p1a: HOLD THE DOOR|Skarmory, M|132\/333 par
|cant|p2: Snorlax|slp
|
|-heal|p2a: Snorlax|354\/523 slp|[from] item: Leftovers
|-heal|p1a: HOLD THE DOOR|152\/333 par|[from] item: Leftovers
|upkeep
|turn|174
|choice|move rest|move bodyslam
|
|-curestatus|p2a: Snorlax|slp|[msg]
|move|p2a: Snorlax|Body Slam|p1a: HOLD THE DOOR
|-resisted|p1a: HOLD THE DOOR
|-damage|p1a: HOLD THE DOOR|69\/333 par
|move|p1a: HOLD THE DOOR|Rest|p1a: HOLD THE DOOR
|-status|p1: HOLD THE DOOR|slp
|-heal|p1a: HOLD THE DOOR|333\/333 slp|[silent]
|-status|p1a: HOLD THE DOOR|slp|[from] move: Rest
|
|-heal|p2a: Snorlax|386\/523|[from] item: Leftovers
|upkeep
|turn|175
|J|choolio iglesias
|choice|move whirlwind|move bellydrum
|
|move|p2a: Snorlax|Belly Drum|p2a: Snorlax
|-damage|p2a: Snorlax|125\/523
|-setboost|p2a: Snorlax|atk|6|[from] move: Belly Drum
|cant|p1: HOLD THE DOOR|slp
|
|-heal|p2a: Snorlax|157\/523|[from] item: Leftovers
|upkeep
|turn|176
|L|groudon518
|choice|move drillpeck|move bodyslam
|
|cant|p1: HOLD THE DOOR|slp
|move|p2a: Snorlax|Body Slam|p1a: HOLD THE DOOR
|-resisted|p1a: HOLD THE DOOR
|-damage|p1a: HOLD THE DOOR|211\/333 slp
|
|-heal|p1a: HOLD THE DOOR|231\/333 slp|[from] item: Leftovers
|-heal|p2a: Snorlax|189\/523|[from] item: Leftovers
|upkeep
|turn|177
|choice|move drillpeck|move bodyslam
|
|-curestatus|p1a: HOLD THE DOOR|slp|[msg]
|move|p1a: HOLD THE DOOR|Drill Peck|p2a: Snorlax
|-crit|p2a: Snorlax
|-damage|p2a: Snorlax|0 fnt
|faint|p2a: Snorlax
|c|★HODOR|gg
|c|★d0nut|gg
|-message|d0nut forfeited.
|
|win|HODOR
|player|p1
|player|p2
|L|ZoroDark
|L|wenbroly
|L|Finding True Love
|L|Contacting
|L|Texas Cloverleaf
|L|Genesis7
|J|Finding True Love
|L|Bomber
|L|choolio iglesias
|L|Mr.E
|L|Finding True Love
|L|ABR
|L|Beds
|L|Stalker5
|L|Pearl
|L|Newalfonquest
|L|Vinc2612
|L|sugarhigh
|L|dank420memer
|L|Christo
|L|d0nut
|L|SamVGC ✿
|L|hyogafodex
|L|Prague Kick
|L|Bughouse
|L|melle2402
|L|rozes
|L|tamahome
|L|GOAO
|L|trash
|L|Prof Lenin
|L|Steve Angello
|L|LUCK>SKILL
|L|Laga
|L|Lacus Clyne
|L|Ciele
|L|Diegolh
|L|Enki
|L|nLTk
|L|hamhamhamham
|L|Klefkwi ~ ♆
|L|Isa
|L|lemaitre<3
|L|empo
|L|Lcans✘
|L|Ed
|L|I Am a Rookie
|L|skup
|L|Conflict
|L|Drampaage
|L|Alastor Law 炎遁
|J|Real FV13 -✖º
|L|CO Rockruffs
|L|phantom
|L|Real FV13 -✖º
|L|ssjjynx
|L|epic4eternity
|L|JabbaTheGriffin
|L|n00b
|J|Saample Teams
|L|Destiny Spinach
|L|Saample Teams
|L|trc
|L|talkingtree
|L|Disjunction
|L|ict ❤❄
|L|Blackoblivion
|J|welliou..
|J|melle2402
|L|Hikari
|L|melle2402
|L|sam-testings睡觉
|L|atomicllamas ☾
|L|aHHa sun
|J|Lacus Clyne
|L|Lacus Clyne
|L|Acacia
|J|sam-testings睡觉
|L|sam-testings睡觉
|L|syncrasy
|L|xray
|L|Nintendi
|L|Reje-
|L|North
|L|welliou..
|L|Celysi(◑_◑)
|L|Vai Lusa
|L|MetalGro$$
|L|TDK
|L|boudouche
|L|reyscarface
|L|Mr.378
|L|tko
|L|Astamatitos
|L|Kushalos
|L|Seeergi
|L|Cdumas..
|L|We Three Kings
|L|z0mOG
|L|SOULWIND❄
|J|groudon518
|L|mael
|L|Funkasaurus
|L|Guilas Galinier
|L|Tobes
|L|THE PDC SHOW
|J|marrano
|L|lnsult
|L|groudon518
|L|Karppi
|L|giara ★_★
|J|Gunner Rohan
|J|AndrewLee056
|L|Gunner Rohan
|L|SweetPosho
|L|Googly
|L|YMASSSS
|L|accalant
|L|craing
|L|marrano
|L|Hootie
|L|Paleo
|L|titaniteslap
|L|AndrewLee056
|L|TheThorn
|L|starmaster
|L|Doubloon
|L|Coconut
|L|VolcanoHeadYT
|L|rdjacobian
|L|kratosmana♪
|L|McMeghan
|L|Pohjis
|L|Lufia II
|L|Finchinator
|L|blunderr
|L|Hack
|L|Obliviate.
|L|Rumor
|L|talkin on the low
|L|Jimmy Turtwig
|L|LJDarkrai ☯♆
|J|SOULWIND❄
|L|SOULWIND❄
|J|Flaress
|L|Flaress
|L|iris
|L|Scotti
|L|Aurious
|L|Blinkboy
|L|Tony
|L|Malta Kano
|L|Asuk4
|L|B KC
|L|Villa
|L|TSR
|L|Ayreonaut
|L|Nails ☎ ☎
|L|adracman42
|L|Blightbringerr
|L|yohoE
|J|SOULWIND❄
|L|SOULWIND❄
|J|lnsult
|L|lnsult</script>
</div>
<div class="battle-log battle-log-inline"><div class="inner"><div class="battle-options"></div><div class="inner"><div class="chat message-error">Battle timer is ON: inactive players will automatically lose when time's up.</div><div class=""><small>Format:</small> <br><strong>[Gen 2] OU</strong></div><div class=""><small><em>Sleep Clause Mod:</em> Limit one foe put to sleep</small></div><div class=""><small><em>Species Clause:</em> Limit one of each Pokémon</small></div><div class=""><small><em>OHKO Clause:</em> OHKO moves are banned</small></div><div class=""><small><em>Evasion Moves Clause:</em> Evasion moves are banned</small></div><div class=""><small><em>HP Percentage Mod:</em> HP is shown in percentages</small></div><div class="spacer battle-history"><br></div><div class="battle-history">Battle started between HODOR and d0nut!<br></div><div class="spacer battle-history"><br></div><div class="battle-history">Go! HODOR (<strong>Snorlax</strong>)!<br></div><div class="spacer battle-history"><br></div><div class="battle-history">d0nut sent out <strong>Raikou</strong>!<br></div><div class="spacer battle-history"><br></div><h2 class="battle-history">Turn 1</h2><div class="chat chatmessage-finchinator"><strong style="color:#4754e6"><small>+</small><span class="username" data-name="Finchinator">Finchinator</span>:</strong> <em>fck hodor</em></div><div class="chat chatmessage-coconut"><strong style="color:#949d2b"><small>+</small><span class="username" data-name="Coconut">Coconut</span>:</strong> <em>d0!</em></div><div class="chat chatmessage-rozes"><strong style="color:#69a416"><small>@</small><span class="username" data-name="rozes">rozes</span>:</strong> <em>d zero nut :D</em></div><div class="chat"><div class="broadcast-red"><b>Moderated chat was set to @!</b><br>Only users of rank @ and higher can talk.</div></div><div class="chat chatmessage-hodor"><strong style="color:#6270da"><small>★</small><span class="username" data-name="HODOR">HODOR</span>:</strong> <em>gdi</em></div><div class="chat chatmessage-hodor"><strong style="color:#6270da"><small>★</small><span class="username" data-name="HODOR">HODOR</span>:</strong> <em>i can't warn at this screen</em></div><div class="chat chatmessage-hodor"><strong style="color:#6270da"><small>★</small><span class="username" data-name="HODOR">HODOR</span>:</strong> <em>fu 2 finch</em></div><div class="chat chatmessage-rozes"><span class="message-log">Finchinator was warned by rozes.</span></div><div class="chat chatmessage-vinc2612"><span class="message-log">Finchinator was warned by Vinc2612.</span></div><div class="chat chatmessage-hodor"><strong style="color:#6270da"><small>★</small><span class="username" data-name="HODOR">HODOR</span>:</strong> <em>thanks boo</em></div><div class="spacer battle-history"><br></div><div class="battle-history">d0nut withdrew Raikou!<br></div><div class="battle-history">d0nut sent out <strong>Misdreavus</strong>!<br></div><div class="spacer battle-history"><br></div><div class="battle-history">HODOR used <strong>Double-Edge</strong>!<br></div><div class="battle-history"><small>It doesn't affect the opposing Misdreavus...</small><br></div><div class="spacer battle-history"><br></div><h2 class="battle-history">Turn 2</h2><div class="chat chatmessage-praguekick"><span class="message-log">Finchinator was warned by Prague Kick.</span></div><div class="spacer battle-history"><br></div><div class="battle-history">HODOR, come back!<br></div><div class="battle-history">Go! HOLDOR (<strong>Misdreavus</strong>)!<br></div><div class="spacer battle-history"><br></div><div class="battle-history">The opposing Misdreavus used <strong>Thief</strong>!<br></div><div class="battle-history"><small>It's super effective!</small><br></div><div class="battle-history"><small>(HOLDOR lost <abbr title="−65/323">20.1%</abbr> of its health!)</small><br></div><div class="spacer battle-history"><br></div><h2 class="battle-history">Turn 3</h2><div class="spacer battle-history"><br></div><div class="battle-history">The opposing Misdreavus used <strong>Hypnosis</strong>!<br></div><div class="battle-history"><small>HOLDOR fell asleep!</small><br></div><div class="spacer battle-history"><br></div><div class="battle-history">HOLDOR is fast asleep.<br></div><div class="spacer battle-history"><br></div><h2 class="battle-history">Turn 4</h2><div class="spacer battle-history"><br></div><div class="battle-history"><small>HOLDOR woke up!</small><br></div><div class="spacer battle-history"><br></div><div class="battle-history">HOLDOR used <strong>Hypnosis</strong>!<br></div><div class="battle-history"><small>The opposing Misdreavus fell asleep!</small><br></div><div class="spacer battle-history"><br></div><div class="battle-history">The opposing Misdreavus is fast asleep.<br></div><div class="spacer battle-history"><br></div><h2 class="battle-history">Turn 5</h2><div class="spacer battle-history"><br></div><div class="battle-history">HOLDOR, come back!<br></div><div class="battle-history">Go! HOLD DA DOOR (<strong>Forretress</strong>)!<br></div><div class="spacer battle-history"><br></div><div class="battle-history">The opposing Misdreavus is fast asleep.<br></div><div class="spacer battle-history"><br></div><h2 class="battle-history">Turn 6</h2><div class="spacer battle-history"><br></div><div class="battle-history">d0nut withdrew Misdreavus!<br></div><div class="battle-history">d0nut sent out <strong>Cloyster</strong>!<br></div><div class="spacer battle-history"><br></div><div class="battle-history">HOLD DA DOOR used <strong>Spikes</strong>!<br></div><div class="battle-history"><small>Spikes were scattered on the ground all around the opposing team!</small><br></div><div class="spacer battle-history"><br></div><h2 class="battle-history">Turn 7</h2><div class="spacer battle-history"><br></div><div class="battle-history">The opposing Cloyster used <strong>Spikes</strong>!<br></div><div class="battle-history"><small>Spikes were scattered on the ground all around your team!</small><br></div><div class="spacer battle-history"><br></div><div class="battle-history">HOLD DA DOOR used <strong>Toxic</strong>!<br></div><div class="battle-history"><small>The opposing Cloyster was badly poisoned!</small><br></div><div class="spacer battle-history"><br></div><h2 class="battle-history">Turn 8</h2><div class="spacer battle-history"><br></div><div class="battle-history">d0nut withdrew Cloyster!<br></div><div class="battle-history">d0nut sent out <strong>Misdreavus</strong>!<br></div><div class="battle-history"><small>The opposing Misdreavus was hurt by the spikes!</small><br></div><div class="spacer battle-history"><br></div><div class="battle-history">HOLD DA DOOR used <strong>Giga Drain</strong>!<br></div><div class="battle-history"><small>(The opposing Misdreavus lost <abbr title="−39/323">12.1%</abbr> of its health!)</small><br></div><div class="spacer battle-history"><br></div><h2 class="battle-history">Turn 9</h2><div class="spacer battle-history"><br></div><div class="battle-history">HOLD DA DOOR, come back!<br></div><div class="battle-history">Go! HOLDOOR (<strong>Zapdos</strong>)!<br></div><div class="spacer battle-history"><br></div><div class="battle-history">The opposing Misdreavus is fast asleep.<br></div><div class="spacer battle-history"><br></div><h2 class="battle-history">Turn 10</h2><div class="spacer battle-history"><br></div><div class="battle-history">d0nut withdrew Misdreavus!<br></div><div class="battle-history">d0nut sent out <strong>Raikou</strong>!<br></div><div class="battle-history"><small>The opposing Raikou was hurt by the spikes!</small><br></div><div class="spacer battle-history"><br></div><div class="battle-history">HOLDOOR used <strong>Thunder</strong>!<br></div><div class="battle-history"><small>The opposing Raikou avoided the attack!</small><br></div><div class="spacer battle-history"><br></div><div class="battle-history"><small>The opposing Raikou restored a little HP using its Leftovers!</small><br></div><div class="spacer battle-history"><br></div><h2 class="battle-history">Turn 11</h2><div class="spacer battle-history"><br></div><div class="battle-history">The opposing Raikou used <strong>Thunder</strong>!<br></div><div class="battle-history"><small>(HOLDOOR lost <abbr title="−155/383">40.5%</abbr> of its health!)</small><br></div><div class="spacer battle-history"><br></div><div class="battle-history">HOLDOOR used <strong>Thunder</strong>!<br></div><div class="battle-history"><small>It's not very effective...</small><br></div><div class="battle-history"><small>(The opposing Raikou lost <abbr title="−83/383">21.7%</abbr> of its health!)</small><br></div><div class="spacer battle-history"><br></div><div class="battle-history"><small>The opposing Raikou restored a little HP using its Leftovers!</small><br></div><div class="battle-history"><small>HOLDOOR restored a little HP using its Leftovers!</small><br></div><div class="spacer battle-history"><br></div><h2 class="battle-history">Turn 12</h2><div class="spacer battle-history"><br></div><div class="battle-history">HOLDOOR, come back!<br></div><div class="battle-history">Go! HOLD DOOR (<strong>Quagsire</strong>)!<br></div><div class="battle-history"><small>HOLD DOOR was hurt by the spikes!</small><br></div><div class="spacer battle-history"><br></div><div class="battle-history">The opposing Raikou used <strong>Thunder</strong>!<br></div><div class="battle-history"><small>It doesn't affect HOLD DOOR...</small><br></div><div class="spacer battle-history"><br></div><div class="battle-history"><small>The opposing Raikou restored a little HP using its Leftovers!</small><br></div><div class="battle-history"><small>HOLD DOOR restored a little HP using its Leftovers!</small><br></div><div class="spacer battle-history"><br></div><h2 class="battle-history">Turn 13</h2><div class="spacer battle-history"><br></div><div class="battle-history">d0nut withdrew Raikou!<br></div><div class="battle-history">d0nut sent out <strong>Skarmory</strong>!<br></div><div class="spacer battle-history"><br></div><div class="battle-history">HOLD DOOR, come back!<br></div><div class="battle-history">Go! HODOR (<strong>Snorlax</strong>)!<br></div><div class="battle-history"><small>HODOR was hurt by the spikes!</small><br></div><div class="spacer battle-history"><br></div><div class="battle-history"><small>HODOR restored a little HP using its Leftovers!</small><br></div><div class="spacer battle-history"><br></div><h2 class="battle-history">Turn 14</h2><div class="spacer battle-history"><br></div><div class="battle-history">HODOR used <strong>Double-Edge</strong>!<br></div><div class="battle-history"><small>It's not very effective...</small><br></div><div class="battle-history"><small>(The opposing Skarmory lost <abbr title="−58/333">17.4%</abbr> of its health!)</small><br></div><div class="battle-history"><small>HODOR was damaged by the recoil!</small><br></div><div class="spacer battle-history"><br></div><div class="battle-history">The opposing Skarmory used <strong>Whirlwind</strong>!<br></div><div class="spacer battle-history"><br></div><div class="battle-history">HOLDOOR (<strong>Zapdos</strong>) was dragged out!<br></div><div class="spacer battle-history"><br></div><div class="battle-history"><small>HOLDOOR restored a little HP using its Leftovers!</small><br></div><div class="battle-history"><small>The opposing Skarmory restored a little HP using its Leftovers!</small><br></div><div class="spacer battle-history"><br></div><h2 class="battle-history">Turn 15</h2><div class="spacer battle-history"><br></div><div class="battle-history">HOLDOOR, come back!<br></div><div class="battle-history">Go! HODOR (<strong>Snorlax</strong>)!<br></div><div class="battle-history"><small>HODOR was hurt by the spikes!</small><br></div><div class="spacer battle-history"><br></div><div class="battle-history">d0nut withdrew Skarmory!<br></div><div class="battle-history">d0nut sent out <strong>Raikou</strong>!<br></div><div class="battle-history"><small>The opposing Raikou was hurt by the spikes!</small><br></div><div class="spacer battle-history"><br></div><div class="battle-history"><small>The opposing Raikou restored a little HP using its Leftovers!</small><br></div><div class="battle-history"><small>HODOR restored a little HP using its Leftovers!</small><br></div><div class="spacer battle-history"><br></div><h2 class="battle-history">Turn 16</h2><div class="spacer battle-history"><br></div><div class="battle-history">The opposing Raikou used <strong>Reflect</strong>!<br></div><div class="battle-history"><small>Reflect made the opposing team stronger against physical moves!</small><br></div><div class="spacer battle-history"><br></div><div class="battle-history">HODOR used <strong>Double-Edge</strong>!<br></div><div class="battle-history"><small>(The opposing Raikou lost <abbr title="−87/383">22.7%</abbr> of its health!)</small><br></div><div class="battle-history"><small>HODOR was damaged by the recoil!</small><br></div><div class="spacer battle-history"><br></div><div class="battle-history"><small>The opposing Raikou restored a little HP using its Leftovers!</small><br></div><div class="battle-history"><small>HODOR restored a little HP using its Leftovers!</small><br></div><div class="spacer battle-history"><br></div><h2 class="battle-history">Turn 17</h2><div class="spacer battle-history"><br></div><div class="battle-history">d0nut withdrew Raikou!<br></div><div class="battle-history">d0nut sent out <strong>Skarmory</strong>!<br></div><div class="spacer battle-history"><br></div><div class="battle-history">HODOR used <strong>Earthquake</strong>!<br></div><div class="battle-history"><small>It doesn't affect the opposing Skarmory...</small><br></div><div class="spacer battle-history"><br></div><div class="battle-history"><small>The opposing Skarmory restored a little HP using its Leftovers!</small><br></div><div class="battle-history"><small>HODOR restored a little HP using its Leftovers!</small><br></div><div class="spacer battle-history"><br></div><h2 class="battle-history">Turn 18</h2><div class="spacer battle-history"><br></div><div class="battle-history">HODOR used <strong>Fire Blast</strong>!<br></div><div class="battle-history"><small>It's super effective!</small><br></div><div class="battle-history"><small>(The opposing Skarmory lost <abbr title="−178/333">53.5%</abbr> of its health!)</small><br></div><div class="spacer battle-history"><br></div><div class="battle-history">The opposing Skarmory used <strong>Whirlwind</strong>!<br></div><div class="spacer battle-history"><br></div><div class="battle-history">HOLDOR (<strong>Misdreavus</strong>) was dragged out!<br></div><div class="battle-history"><small>HOLDOR was hurt by the spikes!</small><br></div><div class="spacer battle-history"><br></div><div class="battle-history"><small>The opposing Skarmory restored a little HP using its Leftovers!</small><br></div><div class="spacer battle-history"><br></div><h2 class="battle-history">Turn 19</h2><div class="spacer battle-history"><br></div><div class="battle-history">d0nut withdrew Skarmory!<br></div><div class="battle-history">d0nut sent out <strong>Misdreavus</strong>!<br></div><div class="battle-history"><small>The opposing Misdreavus was hurt by the spikes!</small><br></div><div class="spacer battle-history"><br></div><div class="battle-history">HOLDOR used <strong>Thunder</strong>!<br></div><div class="battle-history"><small>(The opposing Misdreavus lost <abbr title="−92/323">28.5%</abbr> of its health!)</small><br></div><div class="spacer battle-history"><br></div><h2 class="battle-history">Turn 20</h2><div class="spacer battle-history"><br></div><div class="battle-history"><small>The opposing Misdreavus woke up!</small><br></div><div class="spacer battle-history"><br></div><div class="battle-history">The opposing Misdreavus used <strong>Hypnosis</strong>!<br></div><div class="battle-history"><small>HOLDOR avoided the attack!</small><br></div><div class="spacer battle-history"><br></div><div class="battle-history">HOLDOR used <strong>Thief</strong>!<br></div><div class="battle-history"><small>It's super effective!</small><br></div><div class="battle-history"><small>(The opposing Misdreavus lost <abbr title="−69/323">21.4%</abbr> of its health!)</small><br></div><div class="spacer battle-history"><br></div><div class="battle-history"><small>The opposing team's Reflect wore off!</small><br></div><div class="spacer battle-history"><br></div><h2 class="battle-history">Turn 21</h2><div class="spacer battle-history"><br></div><div class="battle-history">HOLDOR used <strong>Thief</strong>!<br></div><div class="battle-history"><small>It's super effective!</small><br></div><div class="battle-history"><small>(The opposing Misdreavus lost <abbr title="−43/323">13.3%</abbr> of its health!)</small><br></div><div class="spacer battle-history"><br></div><div class="battle-history">The opposing Misdreavus fainted!<br></div><div class="spacer battle-history"><br></div><div class="battle-history">d0nut sent out <strong>Raikou</strong>!<br></div><div class="battle-history"><small>The opposing Raikou was hurt by the spikes!</small><br></div><div class="spacer battle-history"><br></div><div class="battle-history"><small>The opposing Raikou restored a little HP using its Leftovers!</small><br></div><div class="spacer battle-history"><br></div><h2 class="battle-history">Turn 22</h2><div class="spacer battle-history"><br></div><div class="battle-history">HOLDOR, come back!<br></div><div class="battle-history">Go! HOLD DOOR (<strong>Quagsire</strong>)!<br></div><div class="battle-history"><small>HOLD DOOR was hurt by the spikes!</small><br></div><div class="spacer battle-history"><br></div><div class="battle-history">The opposing Raikou used <strong>Thunder</strong>!<br></div><div class="battle-history"><small>It doesn't affect HOLD DOOR...</small><br></div><div class="spacer battle-history"><br></div><div class="battle-history"><small>The opposing Raikou restored a little HP using its Leftovers!</small><br></div><div class="battle-history"><small>HOLD DOOR restored a little HP using its Leftovers!</small><br></div><div class="spacer battle-history"><br></div><h2 class="battle-history">Turn 23</h2><div class="spacer battle-history"><br></div><div class="battle-history">d0nut withdrew Raikou!<br></div><div class="battle-history">d0nut sent out <strong>Meganium</strong>!<br></div><div class="battle-history"><small>The opposing Meganium was hurt by the spikes!</small><br></div><div class="spacer battle-history"><br></div><div class="battle-history">HOLD DOOR used <strong>Belly Drum</strong>!<br></div><div class="battle-history"><small>(HOLD DOOR lost <abbr title="−196/393">49.9%</abbr> of its health!)</small><br></div><div class="battle-history"><small>HOLD DOOR cut its own HP and maximized its Attack!</small><br></div><div class="spacer battle-history"><br></div><div class="battle-history"><small>The opposing Meganium restored a little HP using its Leftovers!</small><br></div><div class="battle-history"><small>HOLD DOOR restored a little HP using its Leftovers!</small><br></div><div class="spacer battle-history"><br></div><h2 class="battle-history">Turn 24</h2><div class="spacer battle-history"><br></div><div class="battle-history">HOLD DOOR, come back!<br></div><div class="battle-history">Go! HOLDOOR (<strong>Zapdos</strong>)!<br></div><div class="spacer battle-history"><br></div><div class="battle-history">The opposing Meganium used <strong>Razor Leaf</strong>!<br></div><div class="battle-history"><small>It's not very effective...</small><br></div><div class="battle-history"><small>(HOLDOOR lost <abbr title="−33/383">8.6%</abbr> of its health!)</small><br></div><div class="spacer battle-history"><br></div><div class="battle-history"><small>HOLDOOR restored a little HP using its Leftovers!</small><br></div><div class="battle-history"><small>The opposing Meganium restored a little HP using its Leftovers!</small><br></div><div class="spacer battle-history"><br></div><h2 class="battle-history">Turn 25</h2><div class="spacer battle-history"><br></div><div class="battle-history">HOLDOOR used <strong>Hidden Power</strong>!<br></div><div class="battle-history"><small>It's super effective!</small><br></div><div class="battle-history"><small>(The opposing Meganium lost <abbr title="−124/363">34.2%</abbr> of its health!)</small><br></div><div class="spacer battle-history"><br></div><div class="battle-history">The opposing Meganium used <strong>Leech Seed</strong>!<br></div><div class="battle-history"><small>HOLDOOR was seeded!</small><br></div><div class="spacer battle-history"><br></div><div class="battle-history"><small>HOLDOOR restored a little HP using its Leftovers!</small><br></div><div class="battle-history"><small>The opposing Meganium restored a little HP using its Leftovers!</small><br></div><div class="spacer battle-history"><br></div><h2 class="battle-history">Turn 26</h2><div class="spacer battle-history"><br></div><div class="battle-history">HOLDOOR, come back!<br></div><div class="battle-history">Go! HOLD DA DOOR (<strong>Forretress</strong>)!<br></div><div class="battle-history"><small>HOLD DA DOOR was hurt by the spikes!</small><br></div><div class="spacer battle-history"><br></div><div class="battle-history">The opposing Meganium used <strong>Reflect</strong>!<br></div><div class="battle-history"><small>Reflect made the opposing team stronger against physical moves!</small><br></div><div class="spacer battle-history"><br></div><div class="battle-history"><small>The opposing Meganium restored a little HP using its Leftovers!</small><br></div><div class="battle-history"><small>HOLD DA DOOR restored a little HP using its Leftovers!</small><br></div><div class="spacer battle-history"><br></div><h2 class="battle-history">Turn 27</h2><div class="spacer battle-history"><br></div><div class="battle-history">d0nut withdrew Meganium!<br></div><div class="battle-history">d0nut sent out <strong>Skarmory</strong>!<br></div><div class="spacer battle-history"><br></div><div class="battle-history">HOLD DA DOOR used <strong>Rapid Spin</strong>!<br></div><div class="battle-history"><small>It's not very effective...</small><br></div><div class="battle-history"><small>(The opposing Skarmory lost <abbr title="−3/333">0.9%</abbr> of its health!)</small><br></div><div class="battle-history"><small>The spikes disappeared from the ground around your team!</small><br></div><div class="spacer battle-history"><br></div><div class="battle-history"><small>The opposing Skarmory restored a little HP using its Leftovers!</small><br></div><div class="battle-history"><small>HOLD DA DOOR restored a little HP using its Leftovers!</small><br></div><div class="spacer battle-history"><br></div><h2 class="battle-history">Turn 28</h2><div class="spacer battle-history"><br></div><div class="battle-history">HOLD DA DOOR, come back!<br></div><div class="battle-history">Go! HOLDOOR (<strong>Zapdos</strong>)!<br></div><div class="spacer battle-history"><br></div><div class="battle-history">The opposing Skarmory used <strong>Whirlwind</strong>!<br></div><div class="spacer battle-history"><br></div><div class="battle-history">HOLDOR (<strong>Misdreavus</strong>) was dragged out!<br></div><div class="spacer battle-history"><br></div><div class="battle-history"><small>The opposing Skarmory restored a little HP using its Leftovers!</small><br></div><div class="spacer battle-history"><br></div><h2 class="battle-history">Turn 29</h2><div class="spacer battle-history"><br></div><div class="battle-history">d0nut withdrew Skarmory!<br></div><div class="battle-history">d0nut sent out <strong>Raikou</strong>!<br></div><div class="battle-history"><small>The opposing Raikou was hurt by the spikes!</small><br></div><div class="spacer battle-history"><br></div><div class="battle-history">HOLDOR used <strong>Thunder</strong>!<br></div><div class="battle-history"><small>It's not very effective...</small><br></div><div class="battle-history"><small>(The opposing Raikou lost <abbr title="−41/383">10.7%</abbr> of its health!)</small><br></div><div class="spacer battle-history"><br></div><div class="battle-history"><small>The opposing Raikou restored a little HP using its Leftovers!</small><br></div><div class="spacer battle-history"><br></div><h2 class="battle-history">Turn 30</h2><div class="spacer battle-history"><br></div><div class="battle-history">HOLDOR, come back!<br></div><div class="battle-history">Go! HOLD DOOR (<strong>Quagsire</strong>)!<br></div><div class="spacer battle-history"><br></div><div class="battle-history">The opposing Raikou used <strong>Roar</strong>!<br></div><div class="spacer battle-history"><br></div><div class="battle-history">HOLDOR (<strong>Misdreavus</strong>) was dragged out!<br></div><div class="spacer battle-history"><br></div><div class="battle-history"><small>The opposing Raikou restored a little HP using its Leftovers!</small><br></div><div class="battle-history"><small>The opposing team's Reflect wore off!</small><br></div><div class="spacer battle-history"><br></div><h2 class="battle-history">Turn 31</h2><div class="spacer battle-history"><br></div><div class="battle-history">d0nut withdrew Raikou!<br></div><div class="battle-history">d0nut sent out <strong>Cloyster</strong>!<br></div><div class="battle-history"><small>The opposing Cloyster was poisoned!</small><br></div><div class="battle-history"><small>The opposing Cloyster was hurt by the spikes!</small><br></div><div class="battle-history"><small>The opposing Cloyster was hurt by poison!</small><br></div><div class="spacer battle-history"><br></div><div class="battle-history">HOLDOR, come back!<br></div><div class="battle-history">Go! HOLD DOOR (<strong>Quagsire</strong>)!<br></div><div class="spacer battle-history"><br></div><div class="battle-history"><small>The opposing Cloyster restored a little HP using its Leftovers!</small><br></div><div class="battle-history"><small>HOLD DOOR restored a little HP using its Leftovers!</small><br></div><div class="spacer battle-history"><br></div><h2 class="battle-history">Turn 32</h2><div class="spacer battle-history"><br></div><div class="battle-history">HOLD DOOR, come back!<br></div><div class="battle-history">Go! HOLD DA DOOR (<strong>Forretress</strong>)!<br></div><div class="spacer battle-history"><br></div><div class="battle-history">The opposing Cloyster used <strong>Spikes</strong>!<br></div><div class="battle-history"><small>Spikes were scattered on the ground all around your team!</small><br></div><div class="battle-history"><small>The opposing Cloyster was hurt by poison!</small><br></div><div class="spacer battle-history"><br></div><div class="battle-history"><small>The opposing Cloyster restored a little HP using its Leftovers!</small><br></div><div class="spacer battle-history"><br></div><h2 class="battle-history">Turn 33</h2><div class="spacer battle-history"><br></div><div class="battle-history">The opposing Cloyster used <strong>Surf</strong>!<br></div><div class="battle-history"><small>(HOLD DA DOOR lost <abbr title="−146/353">41.4%</abbr> of its health!)</small><br></div><div class="battle-history"><small>The opposing Cloyster was hurt by poison!</small><br></div><div class="spacer battle-history"><br></div><div class="battle-history">HOLD DA DOOR used <strong>Rapid Spin</strong>!<br></div><div class="battle-history"><small>(The opposing Cloyster lost <abbr title="−11/303">3.6%</abbr> of its health!)</small><br></div><div class="battle-history"><small>The spikes disappeared from the ground around your team!</small><br></div><div class="spacer battle-history"><br></div><div class="battle-history"><small>The opposing Cloyster restored a little HP using its Leftovers!</small><br></div><div class="battle-history"><small>HOLD DA DOOR restored a little HP using its Leftovers!</small><br></div><div class="spacer battle-history"><br></div><h2 class="battle-history">Turn 34</h2><div class="spacer battle-history"><br></div><div class="battle-history">d0nut withdrew Cloyster!<br></div><div class="battle-history">d0nut sent out <strong>Skarmory</strong>!<br></div><div class="spacer battle-history"><br></div><div class="battle-history">HOLD DA DOOR used <strong>Giga Drain</strong>!<br></div><div class="battle-history"><small>It's not very effective...</small><br></div><div class="battle-history"><small>(The opposing Skarmory lost <abbr title="−11/333">3.3%</abbr> of its health!)</small><br></div><div class="battle-history"><small>The opposing Skarmory had its energy drained!</small><br></div><div class="spacer battle-history"><br></div><div class="battle-history"><small>The opposing Skarmory restored a little HP using its Leftovers!</small><br></div><div class="battle-history"><small>HOLD DA DOOR restored a little HP using its Leftovers!</small><br></div><div class="spacer battle-history"><br></div><h2 class="battle-history">Turn 35</h2><div class="spacer battle-history"><br></div><div class="battle-history">d0nut withdrew Skarmory!<br></div><div class="battle-history">d0nut sent out <strong>Raikou</strong>!<br></div><div class="battle-history"><small>The opposing Raikou was hurt by the spikes!</small><br></div><div class="spacer battle-history"><br></div><div class="battle-history">HOLD DA DOOR, come back!<br></div><div class="battle-history">Go! HOLDOOR (<strong>Zapdos</strong>)!<br></div><div class="spacer battle-history"><br></div><div class="battle-history"><small>The opposing Raikou restored a little HP using its Leftovers!</small><br></div><div class="battle-history"><small>HOLDOOR restored a little HP using its Leftovers!</small><br></div><div class="spacer battle-history"><br></div><h2 class="battle-history">Turn 36</h2><div class="spacer battle-history"><br></div><div class="battle-history">The opposing Raikou used <strong>Reflect</strong>!<br></div><div class="battle-history"><small>Reflect made the opposing team stronger against physical moves!</small><br></div><div class="spacer battle-history"><br></div><div class="battle-history">HOLDOOR used <strong>Thunder</strong>!<br></div><div class="battle-history"><small>It's not very effective...</small><br></div><div class="battle-history"><small>(The opposing Raikou lost <abbr title="−77/383">20.1%</abbr> of its health!)</small><br></div><div class="spacer battle-history"><br></div><div class="battle-history"><small>The opposing Raikou restored a little HP using its Leftovers!</small><br></div><div class="battle-history"><small>HOLDOOR restored a little HP using its Leftovers!</small><br></div><div class="spacer battle-history"><br></div><h2 class="battle-history">Turn 37</h2><div class="spacer battle-history"><br></div><div class="battle-history">HOLDOOR, come back!<br></div><div class="battle-history">Go! HODOR (<strong>Snorlax</strong>)!<br></div><div class="spacer battle-history"><br></div><div class="battle-history">The opposing Raikou used <strong>Rest</strong>!<br></div><div class="battle-history"><small>The opposing Raikou fell asleep!</small><br></div><div class="battle-history"><small>The opposing Raikou slept and became healthy!</small><br></div><div class="spacer battle-history"><br></div><div class="battle-history"><small>HODOR restored a little HP using its Leftovers!</small><br></div><div class="spacer battle-history"><br></div><h2 class="battle-history">Turn 38</h2><div class="spacer battle-history"><br></div><div class="battle-history">d0nut withdrew Raikou!<br></div><div class="battle-history">d0nut sent out <strong>Meganium</strong>!<br></div><div class="battle-history"><small>The opposing Meganium was hurt by the spikes!</small><br></div><div class="spacer battle-history"><br></div><div class="battle-history">HODOR used <strong>Double-Edge</strong>!<br></div><div class="battle-history"><small>(The opposing Meganium lost <abbr title="−75/363">20.7%</abbr> of its health!)</small><br></div><div class="battle-history"><small>HODOR was damaged by the recoil!</small><br></div><div class="spacer battle-history"><br></div><div class="battle-history"><small>The opposing Meganium restored a little HP using its Leftovers!</small><br></div><div class="battle-history"><small>HODOR restored a little HP using its Leftovers!</small><br></div><div class="spacer battle-history"><br></div><h2 class="battle-history">Turn 39</h2><div class="spacer battle-history"><br></div><div class="battle-history">HODOR, come back!<br></div><div class="battle-history">Go! HOLD DA DOOR (<strong>Forretress</strong>)!<br></div><div class="spacer battle-history"><br></div><div class="battle-history">The opposing Meganium used <strong>Leech Seed</strong>!<br></div><div class="battle-history"><small>HOLD DA DOOR was seeded!</small><br></div><div class="spacer battle-history"><br></div><div class="battle-history"><small>The opposing Meganium restored a little HP using its Leftovers!</small><br></div><div class="battle-history"><small>HOLD DA DOOR restored a little HP using its Leftovers!</small><br></div><div class="spacer battle-history"><br></div><h2 class="battle-history">Turn 40</h2><div class="spacer battle-history"><br></div><div class="battle-history">d0nut withdrew Meganium!<br></div><div class="battle-history">d0nut sent out <strong>Raikou</strong>!<br></div><div class="battle-history"><small>The opposing Raikou was hurt by the spikes!</small><br></div><div class="spacer battle-history"><br></div><div class="battle-history">HOLD DA DOOR used <strong>Rapid Spin</strong>!<br></div><div class="battle-history"><small>(The opposing Raikou lost <abbr title="−10/383">2.6%</abbr> of its health!)</small><br></div><div class="battle-history"><small>HOLD DA DOOR was freed from Leech Seed!</small><br></div><div class="spacer battle-history"><br></div><div class="battle-history"><small>The opposing Raikou restored a little HP using its Leftovers!</small><br></div><div class="battle-history"><small>HOLD DA DOOR restored a little HP using its Leftovers!</small><br></div><div class="battle-history"><small>The opposing team's Reflect wore off!</small><br></div><div class="spacer battle-history"><br></div><h2 class="battle-history">Turn 41</h2><div class="spacer battle-history"><br></div><div class="battle-history">HOLD DA DOOR, come back!<br></div><div class="battle-history">Go! HOLDOR (<strong>Misdreavus</strong>)!<br></div><div class="spacer battle-history"><br></div><div class="battle-history">The opposing Raikou is fast asleep.<br></div><div class="spacer battle-history"><br></div><div class="battle-history"><small>The opposing Raikou restored a little HP using its Leftovers!</small><br></div><div class="spacer battle-history"><br></div><h2 class="battle-history">Turn 42</h2><div class="spacer battle-history"><br></div><div class="battle-history">d0nut withdrew Raikou!<br></div><div class="battle-history">d0nut sent out <strong>Cloyster</strong>!<br></div><div class="battle-history"><small>The opposing Cloyster was hurt by the spikes!</small><br></div><div class="battle-history"><small>The opposing Cloyster was hurt by poison!</small><br></div><div class="spacer battle-history"><br></div><div class="battle-history">HOLDOR used <strong>Thief</strong>!<br></div><div class="battle-history"><small>(The opposing Cloyster lost <abbr title="−45/303">14.9%</abbr> of its health!)</small><br></div><div class="battle-history"><small>HOLDOR stole the opposing Cloyster's Leftovers!</small><br></div><div class="spacer battle-history"><br></div><div class="battle-history"><small>HOLDOR restored a little HP using its Leftovers!</small><br></div><div class="spacer battle-history"><br></div><h2 class="battle-history">Turn 43</h2><div class="spacer battle-history"><br></div><div class="battle-history">HOLDOR used <strong>Thunder</strong>!<br></div><div class="battle-history"><small>It's super effective!</small><br></div><div class="battle-history"><small>(The opposing Cloyster lost <abbr title="−79/303">26.1%</abbr> of its health!)</small><br></div><div class="spacer battle-history"><br></div><div class="battle-history">The opposing Cloyster fainted!<br></div><div class="spacer battle-history"><br></div><div class="battle-history">d0nut sent out <strong>Raikou</strong>!<br></div><div class="battle-history"><small>The opposing Raikou was hurt by the spikes!</small><br></div><div class="spacer battle-history"><br></div><div class="battle-history"><small>The opposing Raikou restored a little HP using its Leftovers!</small><br></div><div class="battle-history"><small>HOLDOR restored a little HP using its Leftovers!</small><br></div><div class="spacer battle-history"><br></div><h2 class="battle-history">Turn 44</h2><div class="spacer battle-history"><br></div><div class="battle-history">HOLDOR, come back!<br></div><div class="battle-history">Go! HODOR (<strong>Snorlax</strong>)!<br></div><div class="spacer battle-history"><br></div><div class="battle-history">The opposing Raikou is fast asleep.<br></div><div class="spacer battle-history"><br></div><div class="battle-history"><small>The opposing Raikou restored a little HP using its Leftovers!</small><br></div><div class="spacer battle-history"><br></div><h2 class="battle-history">Turn 45</h2><div class="spacer battle-history"><br></div><div class="battle-history"><small>The opposing Raikou woke up!</small><br></div><div class="spacer battle-history"><br></div><div class="battle-history">The opposing Raikou used <strong>Reflect</strong>!<br></div><div class="battle-history"><small>Reflect made the opposing team stronger against physical moves!</small><br></div><div class="spacer battle-history"><br></div><div class="battle-history">HODOR used <strong>Double-Edge</strong>!<br></div><div class="battle-history"><small>A critical hit!</small><br></div><div class="battle-history"><small>(The opposing Raikou lost <abbr title="−350/383">91.4%</abbr> of its health!)</small><br></div><div class="battle-history"><small>HODOR was damaged by the recoil!</small><br></div><div class="spacer battle-history"><br></div><div class="battle-history"><small>The opposing Raikou restored a little HP using its Leftovers!</small><br></div><div class="battle-history"><small>HODOR restored a little HP using its Leftovers!</small><br></div><div class="spacer battle-history"><br></div><h2 class="battle-history">Turn 46</h2><div class="spacer battle-history"><br></div><div class="battle-history">The opposing Raikou used <strong>Rest</strong>!<br></div><div class="battle-history"><small>The opposing Raikou fell asleep!</small><br></div><div class="battle-history"><small>The opposing Raikou slept and became healthy!</small><br></div><div class="spacer battle-history"><br></div><div class="battle-history">HODOR used <strong>Earthquake</strong>!<br></div><div class="battle-history"><small>It's super effective!</small><br></div><div class="battle-history"><small>(The opposing Raikou lost <abbr title="−97/383">25.3%</abbr> of its health!)</small><br></div><div class="spacer battle-history"><br></div><div class="battle-history"><small>The opposing Raikou restored a little HP using its Leftovers!</small><br></div><div class="battle-history"><small>HODOR restored a little HP using its Leftovers!</small><br></div><div class="spacer battle-history"><br></div><h2 class="battle-history">Turn 47</h2><div class="spacer battle-history"><br></div><div class="battle-history">The opposing Raikou is fast asleep.<br></div><div class="spacer battle-history"><br></div><div class="battle-history">HODOR used <strong>Earthquake</strong>!<br></div><div class="battle-history"><small>It's super effective!</small><br></div><div class="battle-history"><small>(The opposing Raikou lost <abbr title="−110/383">28.7%</abbr> of its health!)</small><br></div><div class="spacer battle-history"><br></div><div class="battle-history"><small>The opposing Raikou restored a little HP using its Leftovers!</small><br></div><div class="battle-history"><small>HODOR restored a little HP using its Leftovers!</small><br></div><div class="spacer battle-history"><br></div><h2 class="battle-history">Turn 48</h2><div class="spacer battle-history"><br></div><div class="battle-history">d0nut withdrew Raikou!<br></div><div class="battle-history">d0nut sent out <strong>Meganium</strong>!<br></div><div class="battle-history"><small>The opposing Meganium was hurt by the spikes!</small><br></div><div class="spacer battle-history"><br></div><div class="battle-history">HODOR used <strong>Earthquake</strong>!<br></div><div class="battle-history"><small>It's not very effective...</small><br></div><div class="battle-history"><small>(The opposing Meganium lost <abbr title="−19/363">5.2%</abbr> of its health!)</small><br></div><div class="spacer battle-history"><br></div><div class="battle-history"><small>The opposing Meganium restored a little HP using its Leftovers!</small><br></div><div class="spacer battle-history"><br></div><h2 class="battle-history">Turn 49</h2><div class="spacer battle-history"><br></div><div class="battle-history">The opposing Meganium used <strong>Synthesis</strong>!<br></div><div class="battle-history"><small>The opposing Meganium had its HP restored.</small><br></div><div class="spacer battle-history"><br></div><div class="battle-history">HODOR used <strong>Fire Blast</strong>!<br></div><div class="battle-history"><small>It's super effective!</small><br></div><div class="battle-history"><small>(The opposing Meganium lost <abbr title="−138/363">38.0%</abbr> of its health!)</small><br></div><div class="battle-history"><small>The opposing Meganium was burned!</small><br></div><div class="spacer battle-history"><br></div><div class="battle-history"><small>The opposing Meganium restored a little HP using its Leftovers!</small><br></div><div class="battle-history"><small>The opposing team's Reflect wore off!</small><br></div><div class="spacer battle-history"><br></div><h2 class="battle-history">Turn 50</h2><div class="spacer battle-history"><br></div><div class="battle-history">The opposing Meganium used <strong>Leech Seed</strong>!<br></div><div class="battle-history"><small>HODOR was seeded!</small><br></div><div class="battle-history"><small>The opposing Meganium was hurt by its burn!</small><br></div><div class="spacer battle-history"><br></div><div class="battle-history">HODOR used <strong>Double-Edge</strong>!<br></div><div class="battle-history"><small>(The opposing Meganium lost <abbr title="−163/363">44.9%</abbr> of its health!)</small><br></div><div class="battle-history"><small>HODOR was damaged by the recoil!</small><br></div><div class="battle-history"><small>HODOR's health is sapped by Leech Seed!</small><br></div><div class="spacer battle-history"><br></div><div class="battle-history"><small>The opposing Meganium restored a little HP using its Leftovers!</small><br></div><div class="battle-history"><small>HODOR restored a little HP using its Leftovers!</small><br></div><div class="spacer battle-history"><br></div><h2 class="battle-history">Turn 51</h2><div class="spacer battle-history"><br></div><div class="battle-history">HODOR, come back!<br></div><div class="battle-history">Go! HOLDOOR (<strong>Zapdos</strong>)!<br></div><div class="spacer battle-history"><br></div><div class="battle-history">The opposing Meganium used <strong>Synthesis</strong>!<br></div><div class="battle-history"><small>The opposing Meganium had its HP restored.</small><br></div><div class="battle-history"><small>The opposing Meganium was hurt by its burn!</small><br></div><div class="spacer battle-history"><br></div><div class="battle-history"><small>HOLDOOR restored a little HP using its Leftovers!</small><br></div><div class="battle-history"><small>The opposing Meganium restored a little HP using its Leftovers!</small><br></div><div class="spacer battle-history"><br></div><h2 class="battle-history">Turn 52</h2><div class="spacer battle-history"><br></div><div class="battle-history">HOLDOOR, come back!<br></div><div class="battle-history">Go! HODOR (<strong>Snorlax</strong>)!<br></div><div class="spacer battle-history"><br></div><div class="battle-history">d0nut withdrew Meganium!<br></div><div class="battle-history">d0nut sent out <strong>Raikou</strong>!<br></div><div class="battle-history"><small>The opposing Raikou was hurt by the spikes!</small><br></div><div class="spacer battle-history"><br></div><div class="battle-history"><small>The opposing Raikou restored a little HP using its Leftovers!</small><br></div><div class="battle-history"><small>HODOR restored a little HP using its Leftovers!</small><br></div><div class="spacer battle-history"><br></div><h2 class="battle-history">Turn 53</h2><div class="spacer battle-history"><br></div><div class="battle-history">d0nut withdrew Raikou!<br></div><div class="battle-history">d0nut sent out <strong>Skarmory</strong>!<br></div><div class="spacer battle-history"><br></div><div class="battle-history">HODOR used <strong>Double-Edge</strong>!<br></div><div class="battle-history"><small>It's not very effective...</small><br></div><div class="battle-history"><small>(The opposing Skarmory lost <abbr title="−63/333">18.9%</abbr> of its health!)</small><br></div><div class="battle-history"><small>HODOR was damaged by the recoil!</small><br></div><div class="spacer battle-history"><br></div><div class="battle-history"><small>The opposing Skarmory restored a little HP using its Leftovers!</small><br></div><div class="battle-history"><small>HODOR restored a little HP using its Leftovers!</small><br></div><div class="spacer battle-history"><br></div><h2 class="battle-history">Turn 54</h2><div class="spacer battle-history"><br></div><div class="battle-history">d0nut withdrew Skarmory!<br></div><div class="battle-history">d0nut sent out <strong>Meganium</strong>!<br></div><div class="battle-history"><small>The opposing Meganium was hurt by the spikes!</small><br></div><div class="battle-history"><small>The opposing Meganium was hurt by its burn!</small><br></div><div class="spacer battle-history"><br></div><div class="battle-history">HODOR used <strong>Double-Edge</strong>!<br></div><div class="battle-history"><small>(The opposing Meganium lost <abbr title="−159/363">43.8%</abbr> of its health!)</small><br></div><div class="battle-history"><small>HODOR was damaged by the recoil!</small><br></div><div class="spacer battle-history"><br></div><div class="battle-history"><small>The opposing Meganium restored a little HP using its Leftovers!</small><br></div><div class="battle-history"><small>HODOR restored a little HP using its Leftovers!</small><br></div><div class="spacer battle-history"><br></div><h2 class="battle-history">Turn 55</h2><div class="spacer battle-history"><br></div><div class="battle-history">The opposing Meganium used <strong>Synthesis</strong>!<br></div><div class="battle-history"><small>The opposing Meganium had its HP restored.</small><br></div><div class="battle-history"><small>The opposing Meganium was hurt by its burn!</small><br></div><div class="spacer battle-history"><br></div><div class="battle-history">HODOR used <strong>Double-Edge</strong>!<br></div><div class="battle-history"><small>(The opposing Meganium lost <abbr title="−153/363">42.1%</abbr> of its health!)</small><br></div><div class="battle-history"><small>HODOR was damaged by the recoil!</small><br></div><div class="spacer battle-history"><br></div><div class="battle-history"><small>The opposing Meganium restored a little HP using its Leftovers!</small><br></div><div class="battle-history"><small>HODOR restored a little HP using its Leftovers!</small><br></div><div class="spacer battle-history"><br></div><h2 class="battle-history">Turn 56</h2><div class="spacer battle-history"><br></div><div class="battle-history">The opposing Meganium used <strong>Reflect</strong>!<br></div><div class="battle-history"><small>Reflect made the opposing team stronger against physical moves!</small><br></div><div class="battle-history"><small>The opposing Meganium was hurt by its burn!</small><br></div><div class="spacer battle-history"><br></div><div class="battle-history">The opposing Meganium fainted!<br></div><div class="spacer battle-history"><br></div><div class="battle-history">d0nut sent out <strong>Snorlax</strong>!<br></div><div class="battle-history"><small>The opposing Snorlax was hurt by the spikes!</small><br></div><div class="spacer battle-history"><br></div><div class="battle-history"><small>HODOR restored a little HP using its Leftovers!</small><br></div><div class="battle-history"><small>The opposing Snorlax restored a little HP using its Leftovers!</small><br></div><div class="spacer battle-history"><br></div><h2 class="battle-history">Turn 57</h2><div class="spacer battle-history"><br></div><div class="battle-history">HODOR, come back!<br></div><div class="battle-history">Go! HOLD THE DOOR (<strong>Skarmory</strong>)!<br></div><div class="spacer battle-history"><br></div><div class="battle-history">The opposing Snorlax used <strong>Body Slam</strong>!<br></div><div class="battle-history"><small>It's not very effective...</small><br></div><div class="battle-history"><small>(HOLD THE DOOR lost <abbr title="−44/333">13.2%</abbr> of its health!)</small><br></div><div class="spacer battle-history"><br></div><div class="battle-history"><small>HOLD THE DOOR restored a little HP using its Leftovers!</small><br></div><div class="battle-history"><small>The opposing Snorlax restored a little HP using its Leftovers!</small><br></div><div class="spacer battle-history"><br></div><h2 class="battle-history">Turn 58</h2><div class="spacer battle-history"><br></div><div class="battle-history">The opposing Snorlax used <strong>Body Slam</strong>!<br></div><div class="battle-history"><small>It's not very effective...</small><br></div><div class="battle-history"><small>(HOLD THE DOOR lost <abbr title="−45/333">13.5%</abbr> of its health!)</small><br></div><div class="battle-history"><small>HOLD THE DOOR is paralyzed! It may be unable to move!</small><br></div><div class="spacer battle-history"><br></div><div class="battle-history">HOLD THE DOOR used <strong>Whirlwind</strong>!<br></div><div class="spacer battle-history"><br></div><div class="battle-history"><strong>Skarmory</strong> was dragged out!<br></div><div class="spacer battle-history"><br></div><div class="battle-history"><small>The opposing Skarmory restored a little HP using its Leftovers!</small><br></div><div class="battle-history"><small>HOLD THE DOOR restored a little HP using its Leftovers!</small><br></div><div class="spacer battle-history"><br></div><h2 class="battle-history">Turn 59</h2><div class="spacer battle-history"><br></div><div class="battle-history">The opposing Skarmory used <strong>Drill Peck</strong>!<br></div><div class="battle-history"><small>It's not very effective...</small><br></div><div class="battle-history"><small>(HOLD THE DOOR lost <abbr title="−30/333">9.0%</abbr> of its health!)</small><br></div><div class="spacer battle-history"><br></div><div class="battle-history">HOLD THE DOOR is paralyzed! It can't move!<br></div><div class="spacer battle-history"><br></div><div class="battle-history"><small>The opposing Skarmory restored a little HP using its Leftovers!</small><br></div><div class="battle-history"><small>HOLD THE DOOR restored a little HP using its Leftovers!</small><br></div><div class="spacer battle-history"><br></div><h2 class="battle-history">Turn 60</h2><div class="spacer battle-history"><br></div><div class="battle-history">d0nut withdrew Skarmory!<br></div><div class="battle-history">d0nut sent out <strong>Raikou</strong>!<br></div><div class="battle-history"><small>The opposing Raikou was hurt by the spikes!</small><br></div><div class="spacer battle-history"><br></div><div class="battle-history">HOLD THE DOOR used <strong>Rest</strong>!<br></div><div class="battle-history"><small>HOLD THE DOOR fell asleep!</small><br></div><div class="battle-history"><small>HOLD THE DOOR slept and became healthy!</small><br></div><div class="spacer battle-history"><br></div><div class="battle-history"><small>The opposing Raikou restored a little HP using its Leftovers!</small><br></div><div class="battle-history"><small>The opposing team's Reflect wore off!</small><br></div><div class="spacer battle-history"><br></div><h2 class="battle-history">Turn 61</h2><div class="spacer battle-history"><br></div><div class="battle-history">The opposing Raikou is fast asleep.<br></div><div class="spacer battle-history"><br></div><div class="battle-history">HOLD THE DOOR is fast asleep.<br></div><div class="spacer battle-history"><br></div><div class="battle-history"><small>The opposing Raikou restored a little HP using its Leftovers!</small><br></div><div class="spacer battle-history"><br></div><h2 class="battle-history">Turn 62</h2><div class="spacer battle-history"><br></div><div class="battle-history">HOLD THE DOOR, come back!<br></div><div class="battle-history">Go! HOLD DOOR (<strong>Quagsire</strong>)!<br></div><div class="battle-history"><small>The opposing Raikou woke up!</small><br></div><div class="spacer battle-history"><br></div><div class="battle-history">The opposing Raikou used <strong>Reflect</strong>!<br></div><div class="battle-history"><small>Reflect made the opposing team stronger against physical moves!</small><br></div><div class="spacer battle-history"><br></div><div class="battle-history"><small>The opposing Raikou restored a little HP using its Leftovers!</small><br></div><div class="battle-history"><small>HOLD DOOR restored a little HP using its Leftovers!</small><br></div><div class="spacer battle-history"><br></div><h2 class="battle-history">Turn 63</h2><div class="spacer battle-history"><br></div><div class="battle-history">d0nut withdrew Raikou!<br></div><div class="battle-history">d0nut sent out <strong>Skarmory</strong>!<br></div><div class="spacer battle-history"><br></div><div class="battle-history">HOLD DOOR used <strong>Earthquake</strong>!<br></div><div class="battle-history"><small>It doesn't affect the opposing Skarmory...</small><br></div><div class="spacer battle-history"><br></div><div class="battle-history"><small>The opposing Skarmory restored a little HP using its Leftovers!</small><br></div><div class="battle-history"><small>HOLD DOOR restored a little HP using its Leftovers!</small><br></div><div class="spacer battle-history"><br></div><h2 class="battle-history">Turn 64</h2><div class="spacer battle-history"><br></div><div class="battle-history">d0nut withdrew Skarmory!<br></div><div class="battle-history">d0nut sent out <strong>Snorlax</strong>!<br></div><div class="battle-history"><small>The opposing Snorlax was hurt by the spikes!</small><br></div><div class="spacer battle-history"><br></div><div class="battle-history">HOLD DOOR, come back!<br></div><div class="battle-history">Go! HOLDOOR (<strong>Zapdos</strong>)!<br></div><div class="spacer battle-history"><br></div><div class="battle-history"><small>HOLDOOR restored a little HP using its Leftovers!</small><br></div><div class="battle-history"><small>The opposing Snorlax restored a little HP using its Leftovers!</small><br></div><div class="spacer battle-history"><br></div><h2 class="battle-history">Turn 65</h2><div class="spacer battle-history"><br></div><div class="battle-history">HOLDOOR, come back!<br></div><div class="battle-history">Go! HOLD THE DOOR (<strong>Skarmory</strong>)!<br></div><div class="spacer battle-history"><br></div><div class="battle-history">The opposing Snorlax used <strong>Belly Drum</strong>!<br></div><div class="battle-history"><small>(The opposing Snorlax lost <abbr title="−261/523">49.9%</abbr> of its health!)</small><br></div><div class="battle-history"><small>The opposing Snorlax cut its own HP and maximized its Attack!</small><br></div><div class="spacer battle-history"><br></div><div class="battle-history"><small>The opposing Snorlax restored a little HP using its Leftovers!</small><br></div><div class="spacer battle-history"><br></div><h2 class="battle-history">Turn 66</h2><div class="spacer battle-history"><br></div><div class="battle-history">The opposing Snorlax used <strong>Body Slam</strong>!<br></div><div class="battle-history"><small>It's not very effective...</small><br></div><div class="battle-history"><small>(HOLD THE DOOR lost <abbr title="−140/333">42.0%</abbr> of its health!)</small><br></div><div class="spacer battle-history"><br></div><div class="battle-history">HOLD THE DOOR is fast asleep.<br></div><div class="spacer battle-history"><br></div><div class="battle-history"><small>HOLD THE DOOR restored a little HP using its Leftovers!</small><br></div><div class="battle-history"><small>The opposing Snorlax restored a little HP using its Leftovers!</small><br></div><div class="battle-history"><small>The opposing team's Reflect wore off!</small><br></div><div class="spacer battle-history"><br></div><h2 class="battle-history">Turn 67</h2><div class="spacer battle-history"><br></div><div class="battle-history">The opposing Snorlax used <strong>Body Slam</strong>!<br></div><div class="battle-history"><small>It's not very effective...</small><br></div><div class="battle-history"><small>(HOLD THE DOOR lost <abbr title="−134/333">40.2%</abbr> of its health!)</small><br></div><div class="battle-history"><small>HOLD THE DOOR woke up!</small><br></div><div class="spacer battle-history"><br></div><div class="battle-history">HOLD THE DOOR used <strong>Whirlwind</strong>!<br></div><div class="spacer battle-history"><br></div><div class="battle-history"><strong>Skarmory</strong> was dragged out!<br></div><div class="spacer battle-history"><br></div><div class="battle-history"><small>HOLD THE DOOR restored a little HP using its Leftovers!</small><br></div><div class="battle-history"><small>The opposing Skarmory restored a little HP using its Leftovers!</small><br></div><div class="spacer battle-history"><br></div><h2 class="battle-history">Turn 68</h2><div class="spacer battle-history"><br></div><div class="battle-history">d0nut withdrew Skarmory!<br></div><div class="battle-history">d0nut sent out <strong>Raikou</strong>!<br></div><div class="battle-history"><small>The opposing Raikou was hurt by the spikes!</small><br></div><div class="spacer battle-history"><br></div><div class="battle-history">HOLD THE DOOR used <strong>Rest</strong>!<br></div><div class="battle-history"><small>HOLD THE DOOR fell asleep!</small><br></div><div class="battle-history"><small>HOLD THE DOOR slept and became healthy!</small><br></div><div class="spacer battle-history"><br></div><div class="battle-history"><small>The opposing Raikou restored a little HP using its Leftovers!</small><br></div><div class="spacer battle-history"><br></div><h2 class="battle-history">Turn 69</h2><div class="spacer battle-history"><br></div><div class="battle-history">d0nut withdrew Raikou!<br></div><div class="battle-history">d0nut sent out <strong>Snorlax</strong>!<br></div><div class="battle-history"><small>The opposing Snorlax was hurt by the spikes!</small><br></div><div class="spacer battle-history"><br></div><div class="battle-history">HOLD THE DOOR, come back!<br></div><div class="battle-history">Go! HODOR (<strong>Snorlax</strong>)!<br></div><div class="spacer battle-history"><br></div><div class="battle-history"><small>HODOR restored a little HP using its Leftovers!</small><br></div><div class="battle-history"><small>The opposing Snorlax restored a little HP using its Leftovers!</small><br></div><div class="spacer battle-history"><br></div><h2 class="battle-history">Turn 70</h2><div class="spacer battle-history"><br></div><div class="battle-history">The opposing Snorlax used <strong>Body Slam</strong>!<br></div><div class="battle-history"><small>A critical hit!</small><br></div><div class="battle-history"><small>(HODOR lost <abbr title="−261/523">49.9%</abbr> of its health!)</small><br></div><div class="spacer battle-history"><br></div><div class="battle-history">HODOR used <strong>Double-Edge</strong>!<br></div><div class="battle-history"><small>(The opposing Snorlax lost <abbr title="−200/523">38.2%</abbr> of its health!)</small><br></div><div class="battle-history"><small>HODOR was damaged by the recoil!</small><br></div><div class="spacer battle-history"><br></div><div class="battle-history"><small>HODOR restored a little HP using its Leftovers!</small><br></div><div class="battle-history"><small>The opposing Snorlax restored a little HP using its Leftovers!</small><br></div><div class="spacer battle-history"><br></div><h2 class="battle-history">Turn 71</h2><div class="spacer battle-history"><br></div><div class="battle-history">The opposing Snorlax used <strong>Rest</strong>!<br></div><div class="battle-history"><small>The opposing Snorlax fell asleep!</small><br></div><div class="battle-history"><small>The opposing Snorlax slept and became healthy!</small><br></div><div class="spacer battle-history"><br></div><div class="battle-history">HODOR used <strong>Double-Edge</strong>!<br></div><div class="battle-history"><small>(The opposing Snorlax lost <abbr title="−182/523">34.8%</abbr> of its health!)</small><br></div><div class="battle-history"><small>HODOR was damaged by the recoil!</small><br></div><div class="spacer battle-history"><br></div><div class="battle-history"><small>HODOR restored a little HP using its Leftovers!</small><br></div><div class="battle-history"><small>The opposing Snorlax restored a little HP using its Leftovers!</small><br></div><div class="spacer battle-history"><br></div><h2 class="battle-history">Turn 72</h2><div class="spacer battle-history"><br></div><div class="battle-history">d0nut withdrew Snorlax!<br></div><div class="battle-history">d0nut sent out <strong>Skarmory</strong>!<br></div><div class="spacer battle-history"><br></div><div class="battle-history">HODOR used <strong>Double-Edge</strong>!<br></div><div class="battle-history"><small>It's not very effective...</small><br></div><div class="battle-history"><small>(The opposing Skarmory lost <abbr title="−56/333">16.8%</abbr> of its health!)</small><br></div><div class="battle-history"><small>HODOR was damaged by the recoil!</small><br></div><div class="spacer battle-history"><br></div><div class="battle-history"><small>The opposing Skarmory restored a little HP using its Leftovers!</small><br></div><div class="battle-history"><small>HODOR restored a little HP using its Leftovers!</small><br></div><div class="spacer battle-history"><br></div><h2 class="battle-history">Turn 73</h2><div class="spacer battle-history"><br></div><div class="battle-history">The opposing Skarmory used <strong>Drill Peck</strong>!<br></div><div class="battle-history"><small>(HODOR lost <abbr title="−106/523">20.3%</abbr> of its health!)</small><br></div><div class="spacer battle-history"><br></div><div class="battle-history">HODOR used <strong>Fire Blast</strong>!<br></div><div class="battle-history"><small>The opposing Skarmory avoided the attack!</small><br></div><div class="spacer battle-history"><br></div><div class="battle-history"><small>The opposing Skarmory restored a little HP using its Leftovers!</small><br></div><div class="battle-history"><small>HODOR restored a little HP using its Leftovers!</small><br></div><div class="spacer battle-history"><br></div><h2 class="battle-history">Turn 74</h2><div class="spacer battle-history"><br></div><div class="battle-history">The opposing Skarmory used <strong>Drill Peck</strong>!<br></div><div class="battle-history"><small>(HODOR lost <abbr title="−111/523">21.2%</abbr> of its health!)</small><br></div><div class="spacer battle-history"><br></div><div class="battle-history">HODOR used <strong>Rest</strong>!<br></div><div class="battle-history"><small>HODOR fell asleep!</small><br></div><div class="battle-history"><small>HODOR slept and became healthy!</small><br></div><div class="spacer battle-history"><br></div><div class="battle-history"><small>The opposing Skarmory restored a little HP using its Leftovers!</small><br></div><div class="spacer battle-history"><br></div><h2 class="battle-history">Turn 75</h2><div class="spacer battle-history"><br></div><div class="battle-history">d0nut withdrew Skarmory!<br></div><div class="battle-history">d0nut sent out <strong>Snorlax</strong>!<br></div><div class="battle-history"><small>The opposing Snorlax was hurt by the spikes!</small><br></div><div class="spacer battle-history"><br></div><div class="battle-history">HODOR is fast asleep.<br></div><div class="spacer battle-history"><br></div><div class="battle-history"><small>The opposing Snorlax restored a little HP using its Leftovers!</small><br></div><div class="spacer battle-history"><br></div><h2 class="battle-history">Turn 76</h2><div class="spacer battle-history"><br></div><div class="battle-history">The opposing Snorlax is fast asleep.<br></div><div class="spacer battle-history"><br></div><div class="battle-history">HODOR is fast asleep.<br></div><div class="spacer battle-history"><br></div><div class="battle-history"><small>The opposing Snorlax restored a little HP using its Leftovers!</small><br></div><div class="spacer battle-history"><br></div><h2 class="battle-history">Turn 77</h2><div class="spacer battle-history"><br></div><div class="battle-history">d0nut withdrew Snorlax!<br></div><div class="battle-history">d0nut sent out <strong>Skarmory</strong>!<br></div><div class="battle-history"><small>HODOR woke up!</small><br></div><div class="spacer battle-history"><br></div><div class="battle-history">HODOR used <strong>Double-Edge</strong>!<br></div><div class="battle-history"><small>It's not very effective...</small><br></div><div class="battle-history"><small>(The opposing Skarmory lost <abbr title="−59/333">17.7%</abbr> of its health!)</small><br></div><div class="battle-history"><small>HODOR was damaged by the recoil!</small><br></div><div class="spacer battle-history"><br></div><div class="battle-history"><small>The opposing Skarmory restored a little HP using its Leftovers!</small><br></div><div class="battle-history"><small>HODOR restored a little HP using its Leftovers!</small><br></div><div class="spacer battle-history"><br></div><h2 class="battle-history">Turn 78</h2><div class="spacer battle-history"><br></div><div class="battle-history">HODOR used <strong>Earthquake</strong>!<br></div><div class="battle-history"><small>It doesn't affect the opposing Skarmory...</small><br></div><div class="spacer battle-history"><br></div><div class="battle-history">The opposing Skarmory used <strong>Whirlwind</strong>!<br></div><div class="spacer battle-history"><br></div><div class="battle-history">HOLD THE DOOR (<strong>Skarmory</strong>) was dragged out!<br></div><div class="spacer battle-history"><br></div><div class="battle-history"><small>The opposing Skarmory restored a little HP using its Leftovers!</small><br></div><div class="spacer battle-history"><br></div><h2 class="battle-history">Turn 79</h2><div class="spacer battle-history"><br></div><div class="battle-history">The opposing Skarmory used <strong>Curse</strong>!<br></div><div class="battle-history"><small>The opposing Skarmory's Speed fell!</small><br></div><div class="battle-history"><small>The opposing Skarmory's Attack rose!</small><br></div><div class="battle-history"><small>The opposing Skarmory's Defense rose!</small><br></div><div class="spacer battle-history"><br></div><div class="battle-history">HOLD THE DOOR is fast asleep.<br></div><div class="spacer battle-history"><br></div><div class="battle-history"><small>The opposing Skarmory restored a little HP using its Leftovers!</small><br></div><div class="spacer battle-history"><br></div><h2 class="battle-history">Turn 80</h2><div class="spacer battle-history"><br></div><div class="battle-history">HOLD THE DOOR is fast asleep.<br></div><div class="spacer battle-history"><br></div><div class="battle-history">The opposing Skarmory used <strong>Whirlwind</strong>!<br></div><div class="spacer battle-history"><br></div><div class="battle-history">HOLD DA DOOR (<strong>Forretress</strong>) was dragged out!<br></div><div class="spacer battle-history"><br></div><div class="battle-history"><small>HOLD DA DOOR restored a little HP using its Leftovers!</small><br></div><div class="battle-history"><small>The opposing Skarmory restored a little HP using its Leftovers!</small><br></div><div class="spacer battle-history"><br></div><h2 class="battle-history">Turn 81</h2><div class="spacer battle-history"><br></div><div class="battle-history">HOLD DA DOOR, come back!<br></div><div class="battle-history">Go! HOLDOOR (<strong>Zapdos</strong>)!<br></div><div class="spacer battle-history"><br></div><div class="battle-history">The opposing Skarmory used <strong>Drill Peck</strong>!<br></div><div class="battle-history"><small>It's not very effective...</small><br></div><div class="battle-history"><small>(HOLDOOR lost <abbr title="−65/383">17.0%</abbr> of its health!)</small><br></div><div class="spacer battle-history"><br></div><div class="battle-history"><small>HOLDOOR restored a little HP using its Leftovers!</small><br></div><div class="battle-history"><small>The opposing Skarmory restored a little HP using its Leftovers!</small><br></div><div class="spacer battle-history"><br></div><h2 class="battle-history">Turn 82</h2><div class="spacer battle-history"><br></div><div class="battle-history">d0nut withdrew Skarmory!<br></div><div class="battle-history">d0nut sent out <strong>Raikou</strong>!<br></div><div class="battle-history"><small>The opposing Raikou was hurt by the spikes!</small><br></div><div class="spacer battle-history"><br></div><div class="battle-history">HOLDOOR used <strong>Thunder</strong>!<br></div><div class="battle-history"><small>The opposing Raikou avoided the attack!</small><br></div><div class="spacer battle-history"><br></div><div class="battle-history"><small>The opposing Raikou restored a little HP using its Leftovers!</small><br></div><div class="battle-history"><small>HOLDOOR restored a little HP using its Leftovers!</small><br></div><div class="spacer battle-history"><br></div><h2 class="battle-history">Turn 83</h2><div class="spacer battle-history"><br></div><div class="battle-history">HOLDOOR, come back!<br></div><div class="battle-history">Go! HOLD DOOR (<strong>Quagsire</strong>)!<br></div><div class="spacer battle-history"><br></div><div class="battle-history">The opposing Raikou used <strong>Reflect</strong>!<br></div><div class="battle-history"><small>Reflect made the opposing team stronger against physical moves!</small><br></div><div class="spacer battle-history"><br></div><div class="battle-history"><small>The opposing Raikou restored a little HP using its Leftovers!</small><br></div><div class="battle-history"><small>HOLD DOOR restored a little HP using its Leftovers!</small><br></div><div class="spacer battle-history"><br></div><h2 class="battle-history">Turn 84</h2><div class="spacer battle-history"><br></div><div class="battle-history">d0nut withdrew Raikou!<br></div><div class="battle-history">d0nut sent out <strong>Snorlax</strong>!<br></div><div class="battle-history"><small>The opposing Snorlax was hurt by the spikes!</small><br></div><div class="spacer battle-history"><br></div><div class="battle-history">HOLD DOOR, come back!<br></div><div class="battle-history">Go! HOLDOR (<strong>Misdreavus</strong>)!<br></div><div class="spacer battle-history"><br></div><div class="battle-history"><small>HOLDOR restored a little HP using its Leftovers!</small><br></div><div class="battle-history"><small>The opposing Snorlax restored a little HP using its Leftovers!</small><br></div><div class="spacer battle-history"><br></div><h2 class="battle-history">Turn 85</h2><div class="spacer battle-history"><br></div><div class="battle-history">HOLDOR used <strong>Thunder</strong>!<br></div><div class="battle-history"><small>A critical hit!</small><br></div><div class="battle-history"><small>(The opposing Snorlax lost <abbr title="−148/523">28.3%</abbr> of its health!)</small><br></div><div class="spacer battle-history"><br></div><div class="battle-history">The opposing Snorlax is fast asleep.<br></div><div class="spacer battle-history"><br></div><div class="battle-history"><small>HOLDOR restored a little HP using its Leftovers!</small><br></div><div class="battle-history"><small>The opposing Snorlax restored a little HP using its Leftovers!</small><br></div><div class="spacer battle-history"><br></div><h2 class="battle-history">Turn 86</h2><div class="spacer battle-history"><br></div><div class="battle-history">HOLDOR, come back!<br></div><div class="battle-history">Go! HODOR (<strong>Snorlax</strong>)!<br></div><div class="battle-history"><small>The opposing Snorlax woke up!</small><br></div><div class="spacer battle-history"><br></div><div class="battle-history">The opposing Snorlax used <strong>Belly Drum</strong>!<br></div><div class="battle-history"><small>(In Gen 2, Belly Drum boosts by 2 when it fails.)</small><br></div><div class="battle-history"><small>But it failed!</small><br></div><div class="spacer battle-history"><br></div><div class="battle-history"><small>The opposing Snorlax restored a little HP using its Leftovers!</small><br></div><div class="spacer battle-history"><br></div><h2 class="battle-history">Turn 87</h2><div class="spacer battle-history"><br></div><div class="battle-history">The opposing Snorlax used <strong>Body Slam</strong>!<br></div><div class="battle-history"><small>(HODOR lost <abbr title="−279/523">53.3%</abbr> of its health!)</small><br></div><div class="battle-history"><small>HODOR is paralyzed! It may be unable to move!</small><br></div><div class="spacer battle-history"><br></div><div class="battle-history">HODOR is paralyzed! It can't move!<br></div><div class="spacer battle-history"><br></div><div class="battle-history"><small>The opposing Snorlax restored a little HP using its Leftovers!</small><br></div><div class="battle-history"><small>HODOR restored a little HP using its Leftovers!</small><br></div><div class="battle-history"><small>The opposing team's Reflect wore off!</small><br></div><div class="spacer battle-history"><br></div><h2 class="battle-history">Turn 88</h2><div class="spacer battle-history"><br></div><div class="battle-history">HODOR, come back!<br></div><div class="battle-history">Go! HOLD THE DOOR (<strong>Skarmory</strong>)!<br></div><div class="spacer battle-history"><br></div><div class="battle-history">The opposing Snorlax used <strong>Body Slam</strong>!<br></div><div class="battle-history"><small>It's not very effective...</small><br></div><div class="battle-history"><small>(HOLD THE DOOR lost <abbr title="−88/333">26.4%</abbr> of its health!)</small><br></div><div class="spacer battle-history"><br></div><div class="battle-history"><small>HOLD THE DOOR restored a little HP using its Leftovers!</small><br></div><div class="battle-history"><small>The opposing Snorlax restored a little HP using its Leftovers!</small><br></div><div class="spacer battle-history"><br></div><h2 class="battle-history">Turn 89</h2><div class="spacer battle-history"><br></div><div class="battle-history">The opposing Snorlax used <strong>Body Slam</strong>!<br></div><div class="battle-history"><small>It's not very effective...</small><br></div><div class="battle-history"><small>(HOLD THE DOOR lost <abbr title="−88/333">26.4%</abbr> of its health!)</small><br></div><div class="battle-history"><small>HOLD THE DOOR woke up!</small><br></div><div class="spacer battle-history"><br></div><div class="battle-history">HOLD THE DOOR used <strong>Whirlwind</strong>!<br></div><div class="spacer battle-history"><br></div><div class="battle-history"><strong>Skarmory</strong> was dragged out!<br></div><div class="spacer battle-history"><br></div><div class="battle-history"><small>The opposing Skarmory restored a little HP using its Leftovers!</small><br></div><div class="battle-history"><small>HOLD THE DOOR restored a little HP using its Leftovers!</small><br></div><div class="spacer battle-history"><br></div><h2 class="battle-history">Turn 90</h2><div class="spacer battle-history"><br></div><div class="battle-history">HOLD THE DOOR, come back!<br></div><div class="battle-history">Go! HODOR (<strong>Snorlax</strong>)!<br></div><div class="spacer battle-history"><br></div><div class="battle-history">d0nut withdrew Skarmory!<br></div><div class="battle-history">d0nut sent out <strong>Raikou</strong>!<br></div><div class="battle-history"><small>The opposing Raikou was hurt by the spikes!</small><br></div><div class="spacer battle-history"><br></div><div class="battle-history"><small>The opposing Raikou restored a little HP using its Leftovers!</small><br></div><div class="battle-history"><small>HODOR restored a little HP using its Leftovers!</small><br></div><div class="spacer battle-history"><br></div><h2 class="battle-history">Turn 91</h2><div class="spacer battle-history"><br></div><div class="battle-history">The opposing Raikou used <strong>Thunder</strong>!<br></div><div class="battle-history"><small>(HODOR lost <abbr title="−152/523">29.1%</abbr> of its health!)</small><br></div><div class="spacer battle-history"><br></div><div class="battle-history">HODOR used <strong>Rest</strong>!<br></div><div class="battle-history"><small>HODOR fell asleep!</small><br></div><div class="battle-history"><small>HODOR slept and became healthy!</small><br></div><div class="spacer battle-history"><br></div><div class="battle-history"><small>The opposing Raikou restored a little HP using its Leftovers!</small><br></div><div class="spacer battle-history"><br></div><h2 class="battle-history">Turn 92</h2><div class="spacer battle-history"><br></div><div class="battle-history">d0nut withdrew Raikou!<br></div><div class="battle-history">d0nut sent out <strong>Snorlax</strong>!<br></div><div class="battle-history"><small>The opposing Snorlax was hurt by the spikes!</small><br></div><div class="spacer battle-history"><br></div><div class="battle-history">HODOR is fast asleep.<br></div><div class="spacer battle-history"><br></div><div class="battle-history"><small>The opposing Snorlax restored a little HP using its Leftovers!</small><br></div><div class="spacer battle-history"><br></div><h2 class="battle-history">Turn 93</h2><div class="spacer battle-history"><br></div><div class="battle-history">HODOR is fast asleep.<br></div><div class="spacer battle-history"><br></div><div class="battle-history">The opposing Snorlax used <strong>Body Slam</strong>!<br></div><div class="battle-history"><small>(HODOR lost <abbr title="−131/523">25.0%</abbr> of its health!)</small><br></div><div class="spacer battle-history"><br></div><div class="battle-history"><small>HODOR restored a little HP using its Leftovers!</small><br></div><div class="battle-history"><small>The opposing Snorlax restored a little HP using its Leftovers!</small><br></div><div class="spacer battle-history"><br></div><h2 class="battle-history">Turn 94</h2><div class="spacer battle-history"><br></div><div class="battle-history">HODOR, come back!<br></div><div class="battle-history">Go! HOLDOR (<strong>Misdreavus</strong>)!<br></div><div class="spacer battle-history"><br></div><div class="battle-history">The opposing Snorlax used <strong>Body Slam</strong>!<br></div><div class="battle-history"><small>It doesn't affect HOLDOR...</small><br></div><div class="spacer battle-history"><br></div><div class="battle-history"><small>HOLDOR restored a little HP using its Leftovers!</small><br></div><div class="battle-history"><small>The opposing Snorlax restored a little HP using its Leftovers!</small><br></div><div class="spacer battle-history"><br></div><h2 class="battle-history">Turn 95</h2><div class="spacer battle-history"><br></div><div class="battle-history">HOLDOR used <strong>Hypnosis</strong>!<br></div><div class="battle-history"><small>The opposing Snorlax fell asleep!</small><br></div><div class="spacer battle-history"><br></div><div class="battle-history">The opposing Snorlax is fast asleep.<br></div><div class="spacer battle-history"><br></div><div class="battle-history"><small>HOLDOR restored a little HP using its Leftovers!</small><br></div><div class="battle-history"><small>The opposing Snorlax restored a little HP using its Leftovers!</small><br></div><div class="spacer battle-history"><br></div><h2 class="battle-history">Turn 96</h2><div class="spacer battle-history"><br></div><div class="battle-history">HOLDOR, come back!<br></div><div class="battle-history">Go! HODOR (<strong>Snorlax</strong>)!<br></div><div class="spacer battle-history"><br></div><div class="battle-history">The opposing Snorlax is fast asleep.<br></div><div class="spacer battle-history"><br></div><div class="battle-history"><small>The opposing Snorlax restored a little HP using its Leftovers!</small><br></div><div class="battle-history"><small>HODOR restored a little HP using its Leftovers!</small><br></div><div class="spacer battle-history"><br></div><h2 class="battle-history">Turn 97</h2><div class="spacer battle-history"><br></div><div class="battle-history">d0nut withdrew Snorlax!<br></div><div class="battle-history">d0nut sent out <strong>Skarmory</strong>!<br></div><div class="battle-history"><small>HODOR woke up!</small><br></div><div class="spacer battle-history"><br></div><div class="battle-history">HODOR used <strong>Earthquake</strong>!<br></div><div class="battle-history"><small>It doesn't affect the opposing Skarmory...</small><br></div><div class="spacer battle-history"><br></div><div class="battle-history"><small>The opposing Skarmory restored a little HP using its Leftovers!</small><br></div><div class="battle-history"><small>HODOR restored a little HP using its Leftovers!</small><br></div><div class="spacer battle-history"><br></div><h2 class="battle-history">Turn 98</h2><div class="spacer battle-history"><br></div><div class="battle-history">HODOR used <strong>Fire Blast</strong>!<br></div><div class="battle-history"><small>It's super effective!</small><br></div><div class="battle-history"><small>(The opposing Skarmory lost <abbr title="−196/333">58.9%</abbr> of its health!)</small><br></div><div class="spacer battle-history"><br></div><div class="battle-history">The opposing Skarmory used <strong>Whirlwind</strong>!<br></div><div class="spacer battle-history"><br></div><div class="battle-history">HOLD DOOR (<strong>Quagsire</strong>) was dragged out!<br></div><div class="spacer battle-history"><br></div><div class="battle-history"><small>The opposing Skarmory restored a little HP using its Leftovers!</small><br></div><div class="battle-history"><small>HOLD DOOR restored a little HP using its Leftovers!</small><br></div><div class="spacer battle-history"><br></div><h2 class="battle-history">Turn 99</h2><div class="spacer battle-history"><br></div><div class="battle-history">HOLD DOOR used <strong>Hidden Power</strong>!<br></div><div class="battle-history"><small>(The opposing Skarmory lost <abbr title="−41/333">12.3%</abbr> of its health!)</small><br></div><div class="spacer battle-history"><br></div><div class="battle-history">The opposing Skarmory used <strong>Whirlwind</strong>!<br></div><div class="spacer battle-history"><br></div><div class="battle-history">HOLD THE DOOR (<strong>Skarmory</strong>) was dragged out!<br></div><div class="spacer battle-history"><br></div><div class="battle-history"><small>The opposing Skarmory restored a little HP using its Leftovers!</small><br></div><div class="battle-history"><small>HOLD THE DOOR restored a little HP using its Leftovers!</small><br></div><div class="spacer battle-history"><br></div><h2 class="battle-history">Turn 100</h2><div class="spacer battle-history"><br></div><div class="battle-history">HOLD THE DOOR, come back!<br></div><div class="battle-history">Go! HOLDOOR (<strong>Zapdos</strong>)!<br></div><div class="spacer battle-history"><br></div><div class="battle-history">The opposing Skarmory used <strong>Whirlwind</strong>!<br></div><div class="spacer battle-history"><br></div><div class="battle-history">HOLDOR (<strong>Misdreavus</strong>) was dragged out!<br></div><div class="spacer battle-history"><br></div><div class="battle-history"><small>The opposing Skarmory restored a little HP using its Leftovers!</small><br></div><div class="spacer battle-history"><br></div><h2 class="battle-history">Turn 101</h2><div class="spacer battle-history"><br></div><div class="battle-history">HOLDOR, come back!<br></div><div class="battle-history">Go! HOLD DOOR (<strong>Quagsire</strong>)!<br></div><div class="spacer battle-history"><br></div><div class="battle-history">d0nut withdrew Skarmory!<br></div><div class="battle-history">d0nut sent out <strong>Raikou</strong>!<br></div><div class="battle-history"><small>The opposing Raikou was hurt by the spikes!</small><br></div><div class="spacer battle-history"><br></div><div class="battle-history"><small>The opposing Raikou restored a little HP using its Leftovers!</small><br></div><div class="battle-history"><small>HOLD DOOR restored a little HP using its Leftovers!</small><br></div><div class="spacer battle-history"><br></div><h2 class="battle-history">Turn 102</h2><div class="spacer battle-history"><br></div><div class="battle-history">HOLD DOOR used <strong>Belly Drum</strong>!<br></div><div class="battle-history"><small>(HOLD DOOR lost <abbr title="−196/393">49.9%</abbr> of its health!)</small><br></div><div class="battle-history"><small>HOLD DOOR cut its own HP and maximized its Attack!</small><br></div><div class="spacer battle-history"><br></div><div class="battle-history">The opposing Raikou used <strong>Roar</strong>!<br></div><div class="spacer battle-history"><br></div><div class="battle-history">HODOR (<strong>Snorlax</strong>) was dragged out!<br></div><div class="spacer battle-history"><br></div><div class="battle-history"><small>The opposing Raikou restored a little HP using its Leftovers!</small><br></div><div class="battle-history"><small>HODOR restored a little HP using its Leftovers!</small><br></div><div class="spacer battle-history"><br></div><h2 class="battle-history">Turn 103</h2><div class="spacer battle-history"><br></div><div class="battle-history">The opposing Raikou used <strong>Reflect</strong>!<br></div><div class="battle-history"><small>Reflect made the opposing team stronger against physical moves!</small><br></div><div class="spacer battle-history"><br></div><div class="battle-history">HODOR used <strong>Double-Edge</strong>!<br></div><div class="battle-history"><small>(The opposing Raikou lost <abbr title="−90/383">23.5%</abbr> of its health!)</small><br></div><div class="battle-history"><small>HODOR was damaged by the recoil!</small><br></div><div class="spacer battle-history"><br></div><div class="battle-history"><small>The opposing Raikou restored a little HP using its Leftovers!</small><br></div><div class="battle-history"><small>HODOR restored a little HP using its Leftovers!</small><br></div><div class="spacer battle-history"><br></div><h2 class="battle-history">Turn 104</h2><div class="spacer battle-history"><br></div><div class="battle-history">HODOR, come back!<br></div><div class="battle-history">Go! HOLD DOOR (<strong>Quagsire</strong>)!<br></div><div class="spacer battle-history"><br></div><div class="battle-history">The opposing Raikou used <strong>Rest</strong>!<br></div><div class="battle-history"><small>The opposing Raikou fell asleep!</small><br></div><div class="battle-history"><small>The opposing Raikou slept and became healthy!</small><br></div><div class="spacer battle-history"><br></div><div class="battle-history"><small>HOLD DOOR restored a little HP using its Leftovers!</small><br></div><div class="spacer battle-history"><br></div><h2 class="battle-history">Turn 105</h2><div class="spacer battle-history"><br></div><div class="battle-history">The opposing Raikou is fast asleep.<br></div><div class="spacer battle-history"><br></div><div class="battle-history">HOLD DOOR used <strong>Rest</strong>!<br></div><div class="battle-history"><small>HOLD DOOR fell asleep!</small><br></div><div class="battle-history"><small>HOLD DOOR slept and became healthy!</small><br></div><div class="spacer battle-history"><br></div><h2 class="battle-history">Turn 106</h2><div class="spacer battle-history"><br></div><div class="battle-history">The opposing Raikou is fast asleep.<br></div><div class="spacer battle-history"><br></div><div class="battle-history">HOLD DOOR is fast asleep.<br></div><div class="spacer battle-history"><br></div><h2 class="battle-history">Turn 107</h2><div class="spacer battle-history"><br></div><div class="battle-history">d0nut withdrew Raikou!<br></div><div class="battle-history">d0nut sent out <strong>Skarmory</strong>!<br></div><div class="spacer battle-history"><br></div><div class="battle-history">HOLD DOOR is fast asleep.<br></div><div class="spacer battle-history"><br></div><div class="battle-history"><small>The opposing Skarmory restored a little HP using its Leftovers!</small><br></div><div class="battle-history"><small>The opposing team's Reflect wore off!</small><br></div><div class="spacer battle-history"><br></div><h2 class="battle-history">Turn 108</h2><div class="spacer battle-history"><br></div><div class="battle-history">The opposing Skarmory used <strong>Curse</strong>!<br></div><div class="battle-history"><small>The opposing Skarmory's Speed fell!</small><br></div><div class="battle-history"><small>The opposing Skarmory's Attack rose!</small><br></div><div class="battle-history"><small>The opposing Skarmory's Defense rose!</small><br></div><div class="battle-history"><small>HOLD DOOR woke up!</small><br></div><div class="spacer battle-history"><br></div><div class="battle-history">HOLD DOOR used <strong>Hidden Power</strong>!<br></div><div class="battle-history"><small>(The opposing Skarmory lost <abbr title="−27/333">8.1%</abbr> of its health!)</small><br></div><div class="spacer battle-history"><br></div><div class="battle-history"><small>The opposing Skarmory restored a little HP using its Leftovers!</small><br></div><div class="spacer battle-history"><br></div><h2 class="battle-history">Turn 109</h2><div class="spacer battle-history"><br></div><div class="battle-history">HOLD DOOR, come back!<br></div><div class="battle-history">Go! HOLDOOR (<strong>Zapdos</strong>)!<br></div><div class="spacer battle-history"><br></div><div class="battle-history">The opposing Skarmory used <strong>Drill Peck</strong>!<br></div><div class="battle-history"><small>It's not very effective...</small><br></div><div class="battle-history"><small>(HOLDOOR lost <abbr title="−68/383">17.8%</abbr> of its health!)</small><br></div><div class="spacer battle-history"><br></div><div class="battle-history"><small>HOLDOOR restored a little HP using its Leftovers!</small><br></div><div class="battle-history"><small>The opposing Skarmory restored a little HP using its Leftovers!</small><br></div><div class="spacer battle-history"><br></div><h2 class="battle-history">Turn 110</h2><div class="spacer battle-history"><br></div><div class="battle-history">HOLDOOR, come back!<br></div><div class="battle-history">Go! HOLD DOOR (<strong>Quagsire</strong>)!<br></div><div class="spacer battle-history"><br></div><div class="battle-history">d0nut withdrew Skarmory!<br></div><div class="battle-history">d0nut sent out <strong>Raikou</strong>!<br></div><div class="battle-history"><small>The opposing Raikou was hurt by the spikes!</small><br></div><div class="spacer battle-history"><br></div><div class="battle-history"><small>The opposing Raikou restored a little HP using its Leftovers!</small><br></div><div class="spacer battle-history"><br></div><h2 class="battle-history">Turn 111</h2><div class="spacer battle-history"><br></div><div class="battle-history">d0nut withdrew Raikou!<br></div><div class="battle-history">d0nut sent out <strong>Skarmory</strong>!<br></div><div class="spacer battle-history"><br></div><div class="battle-history">HOLD DOOR used <strong>Earthquake</strong>!<br></div><div class="battle-history"><small>It doesn't affect the opposing Skarmory...</small><br></div><div class="spacer battle-history"><br></div><div class="battle-history"><small>The opposing Skarmory restored a little HP using its Leftovers!</small><br></div><div class="spacer battle-history"><br></div><h2 class="battle-history">Turn 112</h2><div class="spacer battle-history"><br></div><div class="battle-history">HOLD DOOR, come back!<br></div><div class="battle-history">Go! HOLDOOR (<strong>Zapdos</strong>)!<br></div><div class="spacer battle-history"><br></div><div class="battle-history">The opposing Skarmory used <strong>Whirlwind</strong>!<br></div><div class="spacer battle-history"><br></div><div class="battle-history">HODOR (<strong>Snorlax</strong>) was dragged out!<br></div><div class="spacer battle-history"><br></div><div class="battle-history"><small>The opposing Skarmory restored a little HP using its Leftovers!</small><br></div><div class="spacer battle-history"><br></div><h2 class="battle-history">Turn 113</h2><div class="spacer battle-history"><br></div><div class="battle-history">HODOR used <strong>Double-Edge</strong>!<br></div><div class="battle-history"><small>It's not very effective...</small><br></div><div class="battle-history"><small>(The opposing Skarmory lost <abbr title="−59/333">17.7%</abbr> of its health!)</small><br></div><div class="battle-history"><small>HODOR was damaged by the recoil!</small><br></div><div class="spacer battle-history"><br></div><div class="battle-history">The opposing Skarmory used <strong>Whirlwind</strong>!<br></div><div class="spacer battle-history"><br></div><div class="battle-history">HOLD DA DOOR (<strong>Forretress</strong>) was dragged out!<br></div><div class="spacer battle-history"><br></div><div class="battle-history"><small>The opposing Skarmory restored a little HP using its Leftovers!</small><br></div><div class="battle-history"><small>HOLD DA DOOR restored a little HP using its Leftovers!</small><br></div><div class="spacer battle-history"><br></div><h2 class="battle-history">Turn 114</h2><div class="spacer battle-history"><br></div><div class="battle-history">HOLD DA DOOR, come back!<br></div><div class="battle-history">Go! HOLDOOR (<strong>Zapdos</strong>)!<br></div><div class="spacer battle-history"><br></div><div class="battle-history">The opposing Skarmory used <strong>Drill Peck</strong>!<br></div><div class="battle-history"><small>It's not very effective...</small><br></div><div class="battle-history"><small>(HOLDOOR lost <abbr title="−48/383">12.5%</abbr> of its health!)</small><br></div><div class="spacer battle-history"><br></div><div class="battle-history"><small>HOLDOOR restored a little HP using its Leftovers!</small><br></div><div class="battle-history"><small>The opposing Skarmory restored a little HP using its Leftovers!</small><br></div><div class="spacer battle-history"><br></div><h2 class="battle-history">Turn 115</h2><div class="spacer battle-history"><br></div><div class="battle-history">HOLDOOR, come back!<br></div><div class="battle-history">Go! HOLD DOOR (<strong>Quagsire</strong>)!<br></div><div class="spacer battle-history"><br></div><div class="battle-history">d0nut withdrew Skarmory!<br></div><div class="battle-history">d0nut sent out <strong>Raikou</strong>!<br></div><div class="battle-history"><small>The opposing Raikou was hurt by the spikes!</small><br></div><div class="spacer battle-history"><br></div><div class="battle-history"><small>The opposing Raikou restored a little HP using its Leftovers!</small><br></div><div class="spacer battle-history"><br></div><h2 class="battle-history">Turn 116</h2><div class="spacer battle-history"><br></div><div class="battle-history">d0nut withdrew Raikou!<br></div><div class="battle-history">d0nut sent out <strong>Skarmory</strong>!<br></div><div class="spacer battle-history"><br></div><div class="battle-history">HOLD DOOR used <strong>Belly Drum</strong>!<br></div><div class="battle-history"><small>(HOLD DOOR lost <abbr title="−196/393">49.9%</abbr> of its health!)</small><br></div><div class="battle-history"><small>HOLD DOOR cut its own HP and maximized its Attack!</small><br></div><div class="spacer battle-history"><br></div><div class="battle-history"><small>The opposing Skarmory restored a little HP using its Leftovers!</small><br></div><div class="battle-history"><small>HOLD DOOR restored a little HP using its Leftovers!</small><br></div><div class="spacer battle-history"><br></div><h2 class="battle-history">Turn 117</h2><div class="spacer battle-history"><br></div><div class="battle-history">HOLD DOOR used <strong>Hidden Power</strong>!<br></div><div class="battle-history"><small>(The opposing Skarmory lost <abbr title="−150/333">45.0%</abbr> of its health!)</small><br></div><div class="spacer battle-history"><br></div><div class="battle-history">The opposing Skarmory used <strong>Whirlwind</strong>!<br></div><div class="spacer battle-history"><br></div><div class="battle-history">HOLDOOR (<strong>Zapdos</strong>) was dragged out!<br></div><div class="spacer battle-history"><br></div><div class="battle-history"><small>HOLDOOR restored a little HP using its Leftovers!</small><br></div><div class="battle-history"><small>The opposing Skarmory restored a little HP using its Leftovers!</small><br></div><div class="spacer battle-history"><br></div><h2 class="battle-history">Turn 118</h2><div class="spacer battle-history"><br></div><div class="battle-history">d0nut withdrew Skarmory!<br></div><div class="battle-history">d0nut sent out <strong>Raikou</strong>!<br></div><div class="battle-history"><small>The opposing Raikou was hurt by the spikes!</small><br></div><div class="spacer battle-history"><br></div><div class="battle-history">HOLDOOR used <strong>Thunder</strong>!<br></div><div class="battle-history"><small>A critical hit!</small><br></div><div class="battle-history"><small>It's not very effective...</small><br></div><div class="battle-history"><small>(The opposing Raikou lost <abbr title="−160/383">41.8%</abbr> of its health!)</small><br></div><div class="spacer battle-history"><br></div><div class="battle-history"><small>The opposing Raikou restored a little HP using its Leftovers!</small><br></div><div class="battle-history"><small>HOLDOOR restored a little HP using its Leftovers!</small><br></div><div class="spacer battle-history"><br></div><h2 class="battle-history">Turn 119</h2><div class="spacer battle-history"><br></div><div class="battle-history"><small>The opposing Raikou woke up!</small><br></div><div class="spacer battle-history"><br></div><div class="battle-history">The opposing Raikou used <strong>Reflect</strong>!<br></div><div class="battle-history"><small>Reflect made the opposing team stronger against physical moves!</small><br></div><div class="spacer battle-history"><br></div><div class="battle-history">HOLDOOR used <strong>Thunder</strong>!<br></div><div class="battle-history"><small>It's not very effective...</small><br></div><div class="battle-history"><small>(The opposing Raikou lost <abbr title="−78/383">20.4%</abbr> of its health!)</small><br></div><div class="battle-history"><small>The opposing Raikou is paralyzed! It may be unable to move!</small><br></div><div class="spacer battle-history"><br></div><div class="battle-history"><small>HOLDOOR restored a little HP using its Leftovers!</small><br></div><div class="battle-history"><small>The opposing Raikou restored a little HP using its Leftovers!</small><br></div><div class="spacer battle-history"><br></div><h2 class="battle-history">Turn 120</h2><div class="spacer battle-history"><br></div><div class="battle-history">HOLDOOR used <strong>Hidden Power</strong>!<br></div><div class="battle-history"><small>(The opposing Raikou lost <abbr title="−60/383">15.7%</abbr> of its health!)</small><br></div><div class="spacer battle-history"><br></div><div class="battle-history">The opposing Raikou used <strong>Rest</strong>!<br></div><div class="battle-history"><small>The opposing Raikou fell asleep!</small><br></div><div class="battle-history"><small>The opposing Raikou slept and became healthy!</small><br></div><div class="spacer battle-history"><br></div><div class="battle-history"><small>HOLDOOR restored a little HP using its Leftovers!</small><br></div><div class="spacer battle-history"><br></div><h2 class="battle-history">Turn 121</h2><div class="spacer battle-history"><br></div><div class="battle-history">HOLDOOR, come back!<br></div><div class="battle-history">Go! HODOR (<strong>Snorlax</strong>)!<br></div><div class="spacer battle-history"><br></div><div class="battle-history">The opposing Raikou is fast asleep.<br></div><div class="spacer battle-history"><br></div><div class="battle-history"><small>HODOR restored a little HP using its Leftovers!</small><br></div><div class="spacer battle-history"><br></div><h2 class="battle-history">Turn 122</h2><div class="spacer battle-history"><br></div><div class="battle-history">HODOR used <strong>Earthquake</strong>!<br></div><div class="battle-history"><small>It's super effective!</small><br></div><div class="battle-history"><small>(The opposing Raikou lost <abbr title="−104/383">27.2%</abbr> of its health!)</small><br></div><div class="spacer battle-history"><br></div><div class="battle-history">The opposing Raikou is fast asleep.<br></div><div class="spacer battle-history"><br></div><div class="battle-history"><small>The opposing Raikou restored a little HP using its Leftovers!</small><br></div><div class="spacer battle-history"><br></div><h2 class="battle-history">Turn 123</h2><div class="spacer battle-history"><br></div><div class="battle-history">HODOR, come back!<br></div><div class="battle-history">Go! HOLD DOOR (<strong>Quagsire</strong>)!<br></div><div class="battle-history"><small>The opposing Raikou woke up!</small><br></div><div class="spacer battle-history"><br></div><div class="battle-history">The opposing Raikou used <strong>Roar</strong>!<br></div><div class="spacer battle-history"><br></div><div class="battle-history">HOLD DA DOOR (<strong>Forretress</strong>) was dragged out!<br></div><div class="spacer battle-history"><br></div><div class="battle-history"><small>The opposing Raikou restored a little HP using its Leftovers!</small><br></div><div class="battle-history"><small>HOLD DA DOOR restored a little HP using its Leftovers!</small><br></div><div class="battle-history"><small>The opposing team's Reflect wore off!</small><br></div><div class="spacer battle-history"><br></div><h2 class="battle-history">Turn 124</h2><div class="spacer battle-history"><br></div><div class="battle-history">The opposing Raikou used <strong>Reflect</strong>!<br></div><div class="battle-history"><small>Reflect made the opposing team stronger against physical moves!</small><br></div><div class="spacer battle-history"><br></div><div class="battle-history">HOLD DA DOOR used <strong>Toxic</strong>!<br></div><div class="battle-history"><small>The opposing Raikou was badly poisoned!</small><br></div><div class="spacer battle-history"><br></div><div class="battle-history"><small>The opposing Raikou restored a little HP using its Leftovers!</small><br></div><div class="spacer battle-history"><br></div><h2 class="battle-history">Turn 125</h2><div class="spacer battle-history"><br></div><div class="battle-history">d0nut withdrew Raikou!<br></div><div class="battle-history">d0nut sent out <strong>Skarmory</strong>!<br></div><div class="spacer battle-history"><br></div><div class="battle-history">HOLD DA DOOR, come back!<br></div><div class="battle-history">Go! HOLD DOOR (<strong>Quagsire</strong>)!<br></div><div class="spacer battle-history"><br></div><div class="battle-history"><small>The opposing Skarmory restored a little HP using its Leftovers!</small><br></div><div class="battle-history"><small>HOLD DOOR restored a little HP using its Leftovers!</small><br></div><div class="spacer battle-history"><br></div><h2 class="battle-history">Turn 126</h2><div class="spacer battle-history"><br></div><div class="battle-history">The opposing Skarmory used <strong>Drill Peck</strong>!<br></div><div class="battle-history"><small>A critical hit!</small><br></div><div class="battle-history"><small>(HOLD DOOR lost <abbr title="−173/393">44.0%</abbr> of its health!)</small><br></div><div class="spacer battle-history"><br></div><div class="battle-history">HOLD DOOR used <strong>Hidden Power</strong>!<br></div><div class="battle-history"><small>(The opposing Skarmory lost <abbr title="−18/333">5.4%</abbr> of its health!)</small><br></div><div class="spacer battle-history"><br></div><div class="battle-history"><small>The opposing Skarmory restored a little HP using its Leftovers!</small><br></div><div class="battle-history"><small>HOLD DOOR restored a little HP using its Leftovers!</small><br></div><div class="spacer battle-history"><br></div><h2 class="battle-history">Turn 127</h2><div class="spacer battle-history"><br></div><div class="battle-history">The opposing Skarmory used <strong>Rest</strong>!<br></div><div class="battle-history"><small>The opposing Skarmory fell asleep!</small><br></div><div class="battle-history"><small>The opposing Skarmory slept and became healthy!</small><br></div><div class="spacer battle-history"><br></div><div class="battle-history">HOLD DOOR used <strong>Rest</strong>!<br></div><div class="battle-history"><small>HOLD DOOR fell asleep!</small><br></div><div class="battle-history"><small>HOLD DOOR slept and became healthy!</small><br></div><div class="spacer battle-history"><br></div><h2 class="battle-history">Turn 128</h2><div class="spacer battle-history"><br></div><div class="battle-history">HOLD DOOR, come back!<br></div><div class="battle-history">Go! HOLD THE DOOR (<strong>Skarmory</strong>)!<br></div><div class="spacer battle-history"><br></div><div class="battle-history">The opposing Skarmory is fast asleep.<br></div><div class="spacer battle-history"><br></div><div class="battle-history"><small>HOLD THE DOOR restored a little HP using its Leftovers!</small><br></div><div class="battle-history"><small>The opposing team's Reflect wore off!</small><br></div><div class="spacer battle-history"><br></div><h2 class="battle-history">Turn 129</h2><div class="spacer battle-history"><br></div><div class="battle-history">HOLD THE DOOR used <strong>Whirlwind</strong>!<br></div><div class="battle-history"><small>But it failed!</small><br></div><div class="spacer battle-history"><br></div><div class="battle-history">The opposing Skarmory is fast asleep.<br></div><div class="spacer battle-history"><br></div><div class="battle-history"><small>HOLD THE DOOR restored a little HP using its Leftovers!</small><br></div><div class="spacer battle-history"><br></div><h2 class="battle-history">Turn 130</h2><div class="spacer battle-history"><br></div><div class="battle-history"><small>The opposing Skarmory woke up!</small><br></div><div class="spacer battle-history"><br></div><div class="battle-history">The opposing Skarmory used <strong>Drill Peck</strong>!<br></div><div class="battle-history"><small>It's not very effective...</small><br></div><div class="battle-history"><small>(HOLD THE DOOR lost <abbr title="−30/333">9.0%</abbr> of its health!)</small><br></div><div class="spacer battle-history"><br></div><div class="battle-history">HOLD THE DOOR used <strong>Curse</strong>!<br></div><div class="battle-history"><small>HOLD THE DOOR's Speed fell!</small><br></div><div class="battle-history"><small>HOLD THE DOOR's Attack rose!</small><br></div><div class="battle-history"><small>HOLD THE DOOR's Defense rose!</small><br></div><div class="spacer battle-history"><br></div><div class="battle-history"><small>HOLD THE DOOR restored a little HP using its Leftovers!</small><br></div><div class="spacer battle-history"><br></div><h2 class="battle-history">Turn 131</h2><div class="spacer battle-history"><br></div><div class="battle-history">The opposing Skarmory used <strong>Whirlwind</strong>!<br></div><div class="battle-history"><small>But it failed!</small><br></div><div class="spacer battle-history"><br></div><div class="battle-history">HOLD THE DOOR used <strong>Whirlwind</strong>!<br></div><div class="spacer battle-history"><br></div><div class="battle-history"><strong>Snorlax</strong> was dragged out!<br></div><div class="battle-history"><small>The opposing Snorlax was hurt by the spikes!</small><br></div><div class="spacer battle-history"><br></div><div class="battle-history"><small>The opposing Snorlax restored a little HP using its Leftovers!</small><br></div><div class="battle-history"><small>HOLD THE DOOR restored a little HP using its Leftovers!</small><br></div><div class="spacer battle-history"><br></div><h2 class="battle-history">Turn 132</h2><div class="spacer battle-history"><br></div><div class="battle-history">d0nut withdrew Snorlax!<br></div><div class="battle-history">d0nut sent out <strong>Skarmory</strong>!<br></div><div class="spacer battle-history"><br></div><div class="battle-history">HOLD THE DOOR used <strong>Drill Peck</strong>!<br></div><div class="battle-history"><small>It's not very effective...</small><br></div><div class="battle-history"><small>(The opposing Skarmory lost <abbr title="−51/333">15.3%</abbr> of its health!)</small><br></div><div class="spacer battle-history"><br></div><div class="battle-history"><small>The opposing Skarmory restored a little HP using its Leftovers!</small><br></div><div class="battle-history"><small>HOLD THE DOOR restored a little HP using its Leftovers!</small><br></div><div class="spacer battle-history"><br></div><h2 class="battle-history">Turn 133</h2><div class="spacer battle-history"><br></div><div class="battle-history">The opposing Skarmory used <strong>Whirlwind</strong>!<br></div><div class="battle-history"><small>But it failed!</small><br></div><div class="spacer battle-history"><br></div><div class="battle-history">HOLD THE DOOR used <strong>Whirlwind</strong>!<br></div><div class="spacer battle-history"><br></div><div class="battle-history"><strong>Snorlax</strong> was dragged out!<br></div><div class="battle-history"><small>The opposing Snorlax was hurt by the spikes!</small><br></div><div class="spacer battle-history"><br></div><div class="battle-history"><small>The opposing Snorlax restored a little HP using its Leftovers!</small><br></div><div class="battle-history"><small>HOLD THE DOOR restored a little HP using its Leftovers!</small><br></div><div class="spacer battle-history"><br></div><h2 class="battle-history">Turn 134</h2><div class="spacer battle-history"><br></div><div class="battle-history">d0nut withdrew Snorlax!<br></div><div class="battle-history">d0nut sent out <strong>Skarmory</strong>!<br></div><div class="spacer battle-history"><br></div><div class="battle-history">HOLD THE DOOR used <strong>Whirlwind</strong>!<br></div><div class="spacer battle-history"><br></div><div class="battle-history"><strong>Raikou</strong> was dragged out!<br></div><div class="battle-history"><small>The opposing Raikou was poisoned!</small><br></div><div class="battle-history"><small>The opposing Raikou was hurt by the spikes!</small><br></div><div class="spacer battle-history"><br></div><div class="battle-history"><small>The opposing Raikou restored a little HP using its Leftovers!</small><br></div><div class="battle-history"><small>HOLD THE DOOR restored a little HP using its Leftovers!</small><br></div><div class="spacer battle-history"><br></div><h2 class="battle-history">Turn 135</h2><div class="spacer battle-history"><br></div><div class="battle-history">HOLD THE DOOR, come back!<br></div><div class="battle-history">Go! HOLD DOOR (<strong>Quagsire</strong>)!<br></div><div class="spacer battle-history"><br></div><div class="battle-history">The opposing Raikou used <strong>Reflect</strong>!<br></div><div class="battle-history"><small>Reflect made the opposing team stronger against physical moves!</small><br></div><div class="battle-history"><small>The opposing Raikou was hurt by poison!</small><br></div><div class="spacer battle-history"><br></div><div class="battle-history"><small>The opposing Raikou restored a little HP using its Leftovers!</small><br></div><div class="spacer battle-history"><br></div><h2 class="battle-history">Turn 136</h2><div class="spacer battle-history"><br></div><div class="battle-history">d0nut withdrew Raikou!<br></div><div class="battle-history">d0nut sent out <strong>Snorlax</strong>!<br></div><div class="battle-history"><small>The opposing Snorlax was hurt by the spikes!</small><br></div><div class="spacer battle-history"><br></div><div class="battle-history">HOLD DOOR is fast asleep.<br></div><div class="spacer battle-history"><br></div><div class="battle-history"><small>The opposing Snorlax restored a little HP using its Leftovers!</small><br></div><div class="spacer battle-history"><br></div><h2 class="battle-history">Turn 137</h2><div class="spacer battle-history"><br></div><div class="battle-history">HOLD DOOR is fast asleep.<br></div><div class="spacer battle-history"><br></div><div class="battle-history">The opposing Snorlax is fast asleep.<br></div><div class="spacer battle-history"><br></div><div class="battle-history"><small>The opposing Snorlax restored a little HP using its Leftovers!</small><br></div><div class="spacer battle-history"><br></div><h2 class="battle-history">Turn 138</h2><div class="spacer battle-history"><br></div><div class="battle-history"><small>HOLD DOOR woke up!</small><br></div><div class="spacer battle-history"><br></div><div class="battle-history">HOLD DOOR used <strong>Belly Drum</strong>!<br></div><div class="battle-history"><small>(HOLD DOOR lost <abbr title="−196/393">49.9%</abbr> of its health!)</small><br></div><div class="battle-history"><small>HOLD DOOR cut its own HP and maximized its Attack!</small><br></div><div class="spacer battle-history"><br></div><div class="battle-history">The opposing Snorlax is fast asleep.<br></div><div class="spacer battle-history"><br></div><div class="battle-history"><small>HOLD DOOR restored a little HP using its Leftovers!</small><br></div><div class="battle-history"><small>The opposing Snorlax restored a little HP using its Leftovers!</small><br></div><div class="spacer battle-history"><br></div><h2 class="battle-history">Turn 139</h2><div class="spacer battle-history"><br></div><div class="battle-history">d0nut withdrew Snorlax!<br></div><div class="battle-history">d0nut sent out <strong>Skarmory</strong>!<br></div><div class="spacer battle-history"><br></div><div class="battle-history">HOLD DOOR used <strong>Hidden Power</strong>!<br></div><div class="battle-history"><small>(The opposing Skarmory lost <abbr title="−74/333">22.2%</abbr> of its health!)</small><br></div><div class="spacer battle-history"><br></div><div class="battle-history"><small>The opposing Skarmory restored a little HP using its Leftovers!</small><br></div><div class="battle-history"><small>HOLD DOOR restored a little HP using its Leftovers!</small><br></div><div class="battle-history"><small>The opposing team's Reflect wore off!</small><br></div><div class="spacer battle-history"><br></div><h2 class="battle-history">Turn 140</h2><div class="spacer battle-history"><br></div><div class="battle-history">HOLD DOOR used <strong>Hidden Power</strong>!<br></div><div class="battle-history"><small>(The opposing Skarmory lost <abbr title="−134/333">40.2%</abbr> of its health!)</small><br></div><div class="spacer battle-history"><br></div><div class="battle-history">The opposing Skarmory used <strong>Whirlwind</strong>!<br></div><div class="spacer battle-history"><br></div><div class="battle-history">HOLDOR (<strong>Misdreavus</strong>) was dragged out!<br></div><div class="spacer battle-history"><br></div><div class="battle-history"><small>The opposing Skarmory restored a little HP using its Leftovers!</small><br></div><div class="spacer battle-history"><br></div><h2 class="battle-history">Turn 141</h2><div class="spacer battle-history"><br></div><div class="battle-history">HOLDOR, come back!<br></div><div class="battle-history">Go! HODOR (<strong>Snorlax</strong>)!<br></div><div class="spacer battle-history"><br></div><div class="battle-history">d0nut withdrew Skarmory!<br></div><div class="battle-history">d0nut sent out <strong>Raikou</strong>!<br></div><div class="battle-history"><small>The opposing Raikou was hurt by the spikes!</small><br></div><div class="battle-history"><small>The opposing Raikou was hurt by poison!</small><br></div><div class="spacer battle-history"><br></div><div class="battle-history"><small>The opposing Raikou restored a little HP using its Leftovers!</small><br></div><div class="spacer battle-history"><br></div><h2 class="battle-history">Turn 142</h2><div class="spacer battle-history"><br></div><div class="battle-history">The opposing Raikou used <strong>Reflect</strong>!<br></div><div class="battle-history"><small>Reflect made the opposing team stronger against physical moves!</small><br></div><div class="battle-history"><small>The opposing Raikou was hurt by poison!</small><br></div><div class="spacer battle-history"><br></div><div class="battle-history">HODOR used <strong>Earthquake</strong>!<br></div><div class="battle-history"><small>It's super effective!</small><br></div><div class="battle-history"><small>(The opposing Raikou lost <abbr title="−103/383">26.9%</abbr> of its health!)</small><br></div><div class="spacer battle-history"><br></div><div class="battle-history"><small>The opposing Raikou restored a little HP using its Leftovers!</small><br></div><div class="spacer battle-history"><br></div><h2 class="battle-history">Turn 143</h2><div class="spacer battle-history"><br></div><div class="battle-history">The opposing Raikou used <strong>Rest</strong>!<br></div><div class="battle-history"><small>The opposing Raikou fell asleep!</small><br></div><div class="battle-history"><small>The opposing Raikou slept and became healthy!</small><br></div><div class="spacer battle-history"><br></div><div class="battle-history">HODOR used <strong>Earthquake</strong>!<br></div><div class="battle-history"><small>It's super effective!</small><br></div><div class="battle-history"><small>(The opposing Raikou lost <abbr title="−104/383">27.2%</abbr> of its health!)</small><br></div><div class="spacer battle-history"><br></div><div class="battle-history"><small>The opposing Raikou restored a little HP using its Leftovers!</small><br></div><div class="spacer battle-history"><br></div><h2 class="battle-history">Turn 144</h2><div class="spacer battle-history"><br></div><div class="battle-history">HODOR, come back!<br></div><div class="battle-history">Go! HOLD DOOR (<strong>Quagsire</strong>)!<br></div><div class="spacer battle-history"><br></div><div class="battle-history">The opposing Raikou is fast asleep.<br></div><div class="spacer battle-history"><br></div><div class="battle-history"><small>The opposing Raikou restored a little HP using its Leftovers!</small><br></div><div class="battle-history"><small>HOLD DOOR restored a little HP using its Leftovers!</small><br></div><div class="spacer battle-history"><br></div><h2 class="battle-history">Turn 145</h2><div class="spacer battle-history"><br></div><div class="battle-history">d0nut withdrew Raikou!<br></div><div class="battle-history">d0nut sent out <strong>Snorlax</strong>!<br></div><div class="battle-history"><small>The opposing Snorlax was hurt by the spikes!</small><br></div><div class="spacer battle-history"><br></div><div class="battle-history">HOLD DOOR, come back!<br></div><div class="battle-history">Go! HOLD THE DOOR (<strong>Skarmory</strong>)!<br></div><div class="spacer battle-history"><br></div><div class="battle-history"><small>HOLD THE DOOR restored a little HP using its Leftovers!</small><br></div><div class="battle-history"><small>The opposing Snorlax restored a little HP using its Leftovers!</small><br></div><div class="spacer battle-history"><br></div><h2 class="battle-history">Turn 146</h2><div class="spacer battle-history"><br></div><div class="battle-history"><small>The opposing Snorlax woke up!</small><br></div><div class="spacer battle-history"><br></div><div class="battle-history">The opposing Snorlax used <strong>Body Slam</strong>!<br></div><div class="battle-history"><small>It's not very effective...</small><br></div><div class="battle-history"><small>(HOLD THE DOOR lost <abbr title="−40/333">12.0%</abbr> of its health!)</small><br></div><div class="battle-history"><small>HOLD THE DOOR is paralyzed! It may be unable to move!</small><br></div><div class="spacer battle-history"><br></div><div class="battle-history">HOLD THE DOOR used <strong>Whirlwind</strong>!<br></div><div class="spacer battle-history"><br></div><div class="battle-history"><strong>Skarmory</strong> was dragged out!<br></div><div class="spacer battle-history"><br></div><div class="battle-history"><small>The opposing Skarmory restored a little HP using its Leftovers!</small><br></div><div class="battle-history"><small>HOLD THE DOOR restored a little HP using its Leftovers!</small><br></div><div class="battle-history"><small>The opposing team's Reflect wore off!</small><br></div><div class="spacer battle-history"><br></div><h2 class="battle-history">Turn 147</h2><div class="spacer battle-history"><br></div><div class="battle-history">d0nut withdrew Skarmory!<br></div><div class="battle-history">d0nut sent out <strong>Raikou</strong>!<br></div><div class="battle-history"><small>The opposing Raikou was hurt by the spikes!</small><br></div><div class="spacer battle-history"><br></div><div class="battle-history">HOLD THE DOOR is paralyzed! It can't move!<br></div><div class="spacer battle-history"><br></div><div class="battle-history"><small>The opposing Raikou restored a little HP using its Leftovers!</small><br></div><div class="battle-history"><small>HOLD THE DOOR restored a little HP using its Leftovers!</small><br></div><div class="spacer battle-history"><br></div><h2 class="battle-history">Turn 148</h2><div class="spacer battle-history"><br></div><div class="battle-history">The opposing Raikou is fast asleep.<br></div><div class="spacer battle-history"><br></div><div class="battle-history">HOLD THE DOOR is paralyzed! It can't move!<br></div><div class="spacer battle-history"><br></div><div class="battle-history"><small>The opposing Raikou restored a little HP using its Leftovers!</small><br></div><div class="spacer battle-history"><br></div><h2 class="battle-history">Turn 149</h2><div class="spacer battle-history"><br></div><div class="battle-history">HOLD THE DOOR, come back!<br></div><div class="battle-history">Go! HOLD DOOR (<strong>Quagsire</strong>)!<br></div><div class="battle-history"><small>The opposing Raikou woke up!</small><br></div><div class="spacer battle-history"><br></div><div class="battle-history">The opposing Raikou used <strong>Reflect</strong>!<br></div><div class="battle-history"><small>Reflect made the opposing team stronger against physical moves!</small><br></div><div class="spacer battle-history"><br></div><div class="battle-history"><small>The opposing Raikou restored a little HP using its Leftovers!</small><br></div><div class="battle-history"><small>HOLD DOOR restored a little HP using its Leftovers!</small><br></div><div class="spacer battle-history"><br></div><h2 class="battle-history">Turn 150</h2><div class="spacer battle-history"><br></div><div class="battle-history">d0nut withdrew Raikou!<br></div><div class="battle-history">d0nut sent out <strong>Skarmory</strong>!<br></div><div class="spacer battle-history"><br></div><div class="battle-history">HOLD DOOR, come back!<br></div><div class="battle-history">Go! HOLDOR (<strong>Misdreavus</strong>)!<br></div><div class="spacer battle-history"><br></div><div class="battle-history"><small>The opposing Skarmory restored a little HP using its Leftovers!</small><br></div><div class="spacer battle-history"><br></div><h2 class="battle-history">Turn 151</h2><div class="spacer battle-history"><br></div><div class="battle-history">d0nut withdrew Skarmory!<br></div><div class="battle-history">d0nut sent out <strong>Raikou</strong>!<br></div><div class="battle-history"><small>The opposing Raikou was hurt by the spikes!</small><br></div><div class="spacer battle-history"><br></div><div class="battle-history">HOLDOR used <strong>Hypnosis</strong>!<br></div><div class="battle-history"><small>The opposing Raikou fell asleep!</small><br></div><div class="spacer battle-history"><br></div><div class="battle-history"><small>The opposing Raikou restored a little HP using its Leftovers!</small><br></div><div class="spacer battle-history"><br></div><h2 class="battle-history">Turn 152</h2><div class="spacer battle-history"><br></div><div class="battle-history">HOLDOR, come back!<br></div><div class="battle-history">Go! HODOR (<strong>Snorlax</strong>)!<br></div><div class="spacer battle-history"><br></div><div class="battle-history">The opposing Raikou is fast asleep.<br></div><div class="spacer battle-history"><br></div><div class="battle-history"><small>The opposing Raikou restored a little HP using its Leftovers!</small><br></div><div class="spacer battle-history"><br></div><h2 class="battle-history">Turn 153</h2><div class="spacer battle-history"><br></div><div class="battle-history">HODOR used <strong>Double-Edge</strong>!<br></div><div class="battle-history"><small>(The opposing Raikou lost <abbr title="−97/383">25.3%</abbr> of its health!)</small><br></div><div class="battle-history"><small>HODOR was damaged by the recoil!</small><br></div><div class="spacer battle-history"><br></div><div class="battle-history">The opposing Raikou is fast asleep.<br></div><div class="spacer battle-history"><br></div><div class="battle-history"><small>The opposing Raikou restored a little HP using its Leftovers!</small><br></div><div class="battle-history"><small>HODOR restored a little HP using its Leftovers!</small><br></div><div class="battle-history"><small>The opposing team's Reflect wore off!</small><br></div><div class="spacer battle-history"><br></div><h2 class="battle-history">Turn 154</h2><div class="spacer battle-history"><br></div><div class="battle-history">d0nut withdrew Raikou!<br></div><div class="battle-history">d0nut sent out <strong>Skarmory</strong>!<br></div><div class="spacer battle-history"><br></div><div class="battle-history">HODOR used <strong>Fire Blast</strong>!<br></div><div class="battle-history"><small>It's super effective!</small><br></div><div class="battle-history"><small>(The opposing Skarmory lost <abbr title="−174/333">52.3%</abbr> of its health!)</small><br></div><div class="spacer battle-history"><br></div><div class="battle-history">The opposing Skarmory fainted!<br></div><div class="chat chatmessage-d0nut"><strong style="color:#0d9eca"><small>★</small><span class="username" data-name="d0nut">d0nut</span>:</strong> <em>ah rip</em></div><div class="spacer battle-history"><br></div><div class="battle-history">d0nut sent out <strong>Snorlax</strong>!<br></div><div class="battle-history"><small>The opposing Snorlax was hurt by the spikes!</small><br></div><div class="spacer battle-history"><br></div><div class="battle-history"><small>The opposing Snorlax restored a little HP using its Leftovers!</small><br></div><div class="spacer battle-history"><br></div><h2 class="battle-history">Turn 155</h2><div class="spacer battle-history"><br></div><div class="battle-history">The opposing Snorlax used <strong>Body Slam</strong>!<br></div><div class="battle-history"><small>(HODOR lost <abbr title="−134/523">25.6%</abbr> of its health!)</small><br></div><div class="battle-history"><small>HODOR is paralyzed! It may be unable to move!</small><br></div><div class="spacer battle-history"><br></div><div class="battle-history">HODOR is paralyzed! It can't move!<br></div><div class="spacer battle-history"><br></div><div class="battle-history"><small>The opposing Snorlax restored a little HP using its Leftovers!</small><br></div><div class="battle-history"><small>HODOR restored a little HP using its Leftovers!</small><br></div><div class="spacer battle-history"><br></div><h2 class="battle-history">Turn 156</h2><div class="chat chatmessage-hodor"><strong style="color:#6270da"><small>★</small><span class="username" data-name="HODOR">HODOR</span>:</strong> <em>stop that</em></div><div class="spacer battle-history"><br></div><div class="battle-history">The opposing Snorlax used <strong>Earthquake</strong>!<br></div><div class="battle-history"><small>(HODOR lost <abbr title="−109/523">20.8%</abbr> of its health!)</small><br></div><div class="spacer battle-history"><br></div><div class="battle-history">HODOR used <strong>Double-Edge</strong>!<br></div><div class="battle-history"><small>(The opposing Snorlax lost <abbr title="−211/523">40.3%</abbr> of its health!)</small><br></div><div class="battle-history"><small>HODOR was damaged by the recoil!</small><br></div><div class="spacer battle-history"><br></div><div class="battle-history"><small>The opposing Snorlax restored a little HP using its Leftovers!</small><br></div><div class="battle-history"><small>HODOR restored a little HP using its Leftovers!</small><br></div><div class="spacer battle-history"><br></div><h2 class="battle-history">Turn 157</h2><div class="spacer battle-history"><br></div><div class="battle-history">The opposing Snorlax used <strong>Rest</strong>!<br></div><div class="battle-history"><small>The opposing Snorlax fell asleep!</small><br></div><div class="battle-history"><small>The opposing Snorlax slept and became healthy!</small><br></div><div class="spacer battle-history"><br></div><div class="battle-history">HODOR is paralyzed! It can't move!<br></div><div class="spacer battle-history"><br></div><div class="battle-history"><small>HODOR restored a little HP using its Leftovers!</small><br></div><div class="spacer battle-history"><br></div><h2 class="battle-history">Turn 158</h2><div class="spacer battle-history"><br></div><div class="battle-history">The opposing Snorlax is fast asleep.<br></div><div class="spacer battle-history"><br></div><div class="battle-history">HODOR used <strong>Rest</strong>!<br></div><div class="battle-history"><small>HODOR fell asleep!</small><br></div><div class="battle-history"><small>HODOR slept and became healthy!</small><br></div><div class="spacer battle-history"><br></div><h2 class="battle-history">Turn 159</h2><div class="spacer battle-history"><br></div><div class="battle-history">HODOR, come back!<br></div><div class="battle-history">Go! HOLD THE DOOR (<strong>Skarmory</strong>)!<br></div><div class="spacer battle-history"><br></div><div class="battle-history">The opposing Snorlax is fast asleep.<br></div><div class="spacer battle-history"><br></div><h2 class="battle-history">Turn 160</h2><div class="spacer battle-history"><br></div><div class="battle-history">d0nut withdrew Snorlax!<br></div><div class="battle-history">d0nut sent out <strong>Raikou</strong>!<br></div><div class="battle-history"><small>The opposing Raikou was hurt by the spikes!</small><br></div><div class="spacer battle-history"><br></div><div class="battle-history">HOLD THE DOOR is paralyzed! It can't move!<br></div><div class="spacer battle-history"><br></div><div class="battle-history"><small>The opposing Raikou restored a little HP using its Leftovers!</small><br></div><div class="spacer battle-history"><br></div><h2 class="battle-history">Turn 161</h2><div class="spacer battle-history"><br></div><div class="battle-history">HOLD THE DOOR, come back!<br></div><div class="battle-history">Go! HODOR (<strong>Snorlax</strong>)!<br></div><div class="battle-history"><small>The opposing Raikou woke up!</small><br></div><div class="spacer battle-history"><br></div><div class="battle-history">The opposing Raikou used <strong>Reflect</strong>!<br></div><div class="battle-history"><small>Reflect made the opposing team stronger against physical moves!</small><br></div><div class="spacer battle-history"><br></div><div class="battle-history"><small>The opposing Raikou restored a little HP using its Leftovers!</small><br></div><div class="spacer battle-history"><br></div><h2 class="battle-history">Turn 162</h2><div class="spacer battle-history"><br></div><div class="battle-history">d0nut withdrew Raikou!<br></div><div class="battle-history">d0nut sent out <strong>Snorlax</strong>!<br></div><div class="battle-history"><small>The opposing Snorlax was hurt by the spikes!</small><br></div><div class="spacer battle-history"><br></div><div class="battle-history">HODOR is fast asleep.<br></div><div class="spacer battle-history"><br></div><div class="battle-history"><small>The opposing Snorlax restored a little HP using its Leftovers!</small><br></div><div class="spacer battle-history"><br></div><h2 class="battle-history">Turn 163</h2><div class="spacer battle-history"><br></div><div class="battle-history">HODOR, come back!<br></div><div class="battle-history">Go! HOLDOR (<strong>Misdreavus</strong>)!<br></div><div class="battle-history"><small>The opposing Snorlax woke up!</small><br></div><div class="spacer battle-history"><br></div><div class="battle-history">The opposing Snorlax used <strong>Belly Drum</strong>!<br></div><div class="battle-history"><small>(The opposing Snorlax lost <abbr title="−261/523">49.9%</abbr> of its health!)</small><br></div><div class="battle-history"><small>The opposing Snorlax cut its own HP and maximized its Attack!</small><br></div><div class="spacer battle-history"><br></div><div class="battle-history"><small>The opposing Snorlax restored a little HP using its Leftovers!</small><br></div><div class="spacer battle-history"><br></div><h2 class="battle-history">Turn 164</h2><div class="spacer battle-history"><br></div><div class="battle-history">HOLDOR used <strong>Hypnosis</strong>!<br></div><div class="battle-history"><small>The opposing Snorlax fell asleep!</small><br></div><div class="spacer battle-history"><br></div><div class="battle-history">The opposing Snorlax is fast asleep.<br></div><div class="spacer battle-history"><br></div><div class="battle-history"><small>The opposing Snorlax restored a little HP using its Leftovers!</small><br></div><div class="spacer battle-history"><br></div><h2 class="battle-history">Turn 165</h2><div class="spacer battle-history"><br></div><div class="battle-history">HOLDOR, come back!<br></div><div class="battle-history">Go! HOLD THE DOOR (<strong>Skarmory</strong>)!<br></div><div class="battle-history"><small>The opposing Snorlax woke up!</small><br></div><div class="spacer battle-history"><br></div><div class="battle-history">The opposing Snorlax used <strong>Body Slam</strong>!<br></div><div class="battle-history"><small>It's not very effective...</small><br></div><div class="battle-history"><small>(HOLD THE DOOR lost <abbr title="−123/333">36.9%</abbr> of its health!)</small><br></div><div class="spacer battle-history"><br></div><div class="battle-history"><small>The opposing Snorlax restored a little HP using its Leftovers!</small><br></div><div class="battle-history"><small>HOLD THE DOOR restored a little HP using its Leftovers!</small><br></div><div class="battle-history"><small>The opposing team's Reflect wore off!</small><br></div><div class="spacer battle-history"><br></div><h2 class="battle-history">Turn 166</h2><div class="spacer battle-history"><br></div><div class="battle-history">The opposing Snorlax used <strong>Body Slam</strong>!<br></div><div class="battle-history"><small>It's not very effective...</small><br></div><div class="battle-history"><small>(HOLD THE DOOR lost <abbr title="−138/333">41.4%</abbr> of its health!)</small><br></div><div class="spacer battle-history"><br></div><div class="battle-history">HOLD THE DOOR used <strong>Whirlwind</strong>!<br></div><div class="spacer battle-history"><br></div><div class="battle-history"><strong>Raikou</strong> was dragged out!<br></div><div class="battle-history"><small>The opposing Raikou was hurt by the spikes!</small><br></div><div class="spacer battle-history"><br></div><div class="battle-history"><small>The opposing Raikou restored a little HP using its Leftovers!</small><br></div><div class="battle-history"><small>HOLD THE DOOR restored a little HP using its Leftovers!</small><br></div><div class="spacer battle-history"><br></div><h2 class="battle-history">Turn 167</h2><div class="spacer battle-history"><br></div><div class="battle-history">d0nut withdrew Raikou!<br></div><div class="battle-history">d0nut sent out <strong>Snorlax</strong>!<br></div><div class="battle-history"><small>The opposing Snorlax was hurt by the spikes!</small><br></div><div class="spacer battle-history"><br></div><div class="battle-history">HOLD THE DOOR, come back!<br></div><div class="battle-history">Go! HOLD DOOR (<strong>Quagsire</strong>)!<br></div><div class="spacer battle-history"><br></div><div class="battle-history"><small>HOLD DOOR restored a little HP using its Leftovers!</small><br></div><div class="battle-history"><small>The opposing Snorlax restored a little HP using its Leftovers!</small><br></div><div class="spacer battle-history"><br></div><h2 class="battle-history">Turn 168</h2><div class="spacer battle-history"><br></div><div class="battle-history">HOLD DOOR used <strong>Earthquake</strong>!<br></div><div class="battle-history"><small>(The opposing Snorlax lost <abbr title="−130/523">24.9%</abbr> of its health!)</small><br></div><div class="spacer battle-history"><br></div><div class="battle-history">The opposing Snorlax used <strong>Body Slam</strong>!<br></div><div class="battle-history"><small>(HOLD DOOR lost <abbr title="−129/393">32.8%</abbr> of its health!)</small><br></div><div class="battle-history"><small>HOLD DOOR is paralyzed! It may be unable to move!</small><br></div><div class="spacer battle-history"><br></div><div class="battle-history"><small>The opposing Snorlax restored a little HP using its Leftovers!</small><br></div><div class="battle-history"><small>HOLD DOOR restored a little HP using its Leftovers!</small><br></div><div class="spacer battle-history"><br></div><h2 class="battle-history">Turn 169</h2><div class="spacer battle-history"><br></div><div class="battle-history">HOLD DOOR, come back!<br></div><div class="battle-history">Go! HOLD THE DOOR (<strong>Skarmory</strong>)!<br></div><div class="spacer battle-history"><br></div><div class="battle-history">The opposing Snorlax used <strong>Belly Drum</strong>!<br></div><div class="battle-history"><small>(In Gen 2, Belly Drum boosts by 2 when it fails.)</small><br></div><div class="battle-history"><small>But it failed!</small><br></div><div class="spacer battle-history"><br></div><div class="battle-history"><small>The opposing Snorlax restored a little HP using its Leftovers!</small><br></div><div class="battle-history"><small>HOLD THE DOOR restored a little HP using its Leftovers!</small><br></div><div class="spacer battle-history"><br></div><h2 class="battle-history">Turn 170</h2><div class="spacer battle-history"><br></div><div class="battle-history">HOLD THE DOOR, come back!<br></div><div class="battle-history">Go! HOLDOR (<strong>Misdreavus</strong>)!<br></div><div class="spacer battle-history"><br></div><div class="battle-history">The opposing Snorlax used <strong>Body Slam</strong>!<br></div><div class="battle-history"><small>It doesn't affect HOLDOR...</small><br></div><div class="spacer battle-history"><br></div><div class="battle-history"><small>The opposing Snorlax restored a little HP using its Leftovers!</small><br></div><div class="spacer battle-history"><br></div><h2 class="battle-history">Turn 171</h2><div class="spacer battle-history"><br></div><div class="battle-history">HOLDOR used <strong>Hypnosis</strong>!<br></div><div class="battle-history"><small>The opposing Snorlax avoided the attack!</small><br></div><div class="spacer battle-history"><br></div><div class="battle-history">The opposing Snorlax used <strong>Earthquake</strong>!<br></div><div class="battle-history"><small>(HOLDOR lost <abbr title="−248/323">76.8%</abbr> of its health!)</small><br></div><div class="spacer battle-history"><br></div><div class="battle-history"><small>HOLDOR restored a little HP using its Leftovers!</small><br></div><div class="battle-history"><small>The opposing Snorlax restored a little HP using its Leftovers!</small><br></div><div class="spacer battle-history"><br></div><h2 class="battle-history">Turn 172</h2><div class="spacer battle-history"><br></div><div class="battle-history">HOLDOR used <strong>Hypnosis</strong>!<br></div><div class="battle-history"><small>The opposing Snorlax fell asleep!</small><br></div><div class="spacer battle-history"><br></div><div class="battle-history">The opposing Snorlax is fast asleep.<br></div><div class="spacer battle-history"><br></div><div class="battle-history"><small>HOLDOR restored a little HP using its Leftovers!</small><br></div><div class="battle-history"><small>The opposing Snorlax restored a little HP using its Leftovers!</small><br></div><div class="spacer battle-history"><br></div><h2 class="battle-history">Turn 173</h2><div class="spacer battle-history"><br></div><div class="battle-history">HOLDOR, come back!<br></div><div class="battle-history">Go! HOLD THE DOOR (<strong>Skarmory</strong>)!<br></div><div class="spacer battle-history"><br></div><div class="battle-history">The opposing Snorlax is fast asleep.<br></div><div class="spacer battle-history"><br></div><div class="battle-history"><small>The opposing Snorlax restored a little HP using its Leftovers!</small><br></div><div class="battle-history"><small>HOLD THE DOOR restored a little HP using its Leftovers!</small><br></div><div class="spacer battle-history"><br></div><h2 class="battle-history">Turn 174</h2><div class="spacer battle-history"><br></div><div class="battle-history"><small>The opposing Snorlax woke up!</small><br></div><div class="spacer battle-history"><br></div><div class="battle-history">The opposing Snorlax used <strong>Body Slam</strong>!<br></div><div class="battle-history"><small>It's not very effective...</small><br></div><div class="battle-history"><small>(HOLD THE DOOR lost <abbr title="−83/333">24.9%</abbr> of its health!)</small><br></div><div class="spacer battle-history"><br></div><div class="battle-history">HOLD THE DOOR used <strong>Rest</strong>!<br></div><div class="battle-history"><small>HOLD THE DOOR fell asleep!</small><br></div><div class="battle-history"><small>HOLD THE DOOR slept and became healthy!</small><br></div><div class="spacer battle-history"><br></div><div class="battle-history"><small>The opposing Snorlax restored a little HP using its Leftovers!</small><br></div><div class="spacer battle-history"><br></div><h2 class="battle-history">Turn 175</h2><div class="spacer battle-history"><br></div><div class="battle-history">The opposing Snorlax used <strong>Belly Drum</strong>!<br></div><div class="battle-history"><small>(The opposing Snorlax lost <abbr title="−261/523">49.9%</abbr> of its health!)</small><br></div><div class="battle-history"><small>The opposing Snorlax cut its own HP and maximized its Attack!</small><br></div><div class="spacer battle-history"><br></div><div class="battle-history">HOLD THE DOOR is fast asleep.<br></div><div class="spacer battle-history"><br></div><div class="battle-history"><small>The opposing Snorlax restored a little HP using its Leftovers!</small><br></div><div class="spacer battle-history"><br></div><h2 class="battle-history">Turn 176</h2><div class="spacer battle-history"><br></div><div class="battle-history">HOLD THE DOOR is fast asleep.<br></div><div class="spacer battle-history"><br></div><div class="battle-history">The opposing Snorlax used <strong>Body Slam</strong>!<br></div><div class="battle-history"><small>It's not very effective...</small><br></div><div class="battle-history"><small>(HOLD THE DOOR lost <abbr title="−122/333">36.6%</abbr> of its health!)</small><br></div><div class="spacer battle-history"><br></div><div class="battle-history"><small>HOLD THE DOOR restored a little HP using its Leftovers!</small><br></div><div class="battle-history"><small>The opposing Snorlax restored a little HP using its Leftovers!</small><br></div><div class="spacer battle-history"><br></div><h2 class="battle-history">Turn 177</h2><div class="spacer battle-history"><br></div><div class="battle-history"><small>HOLD THE DOOR woke up!</small><br></div><div class="spacer battle-history"><br></div><div class="battle-history">HOLD THE DOOR used <strong>Drill Peck</strong>!<br></div><div class="battle-history"><small>A critical hit!</small><br></div><div class="battle-history"><small>(The opposing Snorlax lost <abbr title="−189/523">36.1%</abbr> of its health!)</small><br></div><div class="spacer battle-history"><br></div><div class="battle-history">The opposing Snorlax fainted!<br></div><div class="chat chatmessage-hodor"><strong style="color:#6270da"><small>★</small><span class="username" data-name="HODOR">HODOR</span>:</strong> <em>gg</em></div><div class="chat chatmessage-d0nut"><strong style="color:#0d9eca"><small>★</small><span class="username" data-name="d0nut">d0nut</span>:</strong> <em>gg</em></div><div class="battle-history"><small>d0nut forfeited.</small><br></div><div class="spacer battle-history"><br></div><div class="battle-history"><strong>HODOR</strong> won the battle!<br></div></div><div class="inner-preempt"></div></div></div>
</div>
<script>
let daily = Math.floor(Date.now()/1000/60/60/24);document.write('<script src="https://play.pokemonshowdown.com/js/replay-embed.js?version'+daily+'"></'+'script>');
</script>
