<!DOCTYPE html>
<meta charset="utf-8" />
<!-- version 1 -->
<title>[Gen 2] OU replay: Mr.E vs. giara ★_★</title>
<style>
html,body {font-family:Verdana, sans-serif;font-size:10pt;margin:0;padding:0;}body{padding:12px 0;} .battle-log {font-family:Verdana, sans-serif;font-size:10pt;} .battle-log-inline {border:1px solid #AAAAAA;background:#EEF2F5;color:black;max-width:640px;margin:0 auto 80px;padding-bottom:5px;} .battle-log .inner {padding:4px 8px 0px 8px;} .battle-log .inner-preempt {padding:0 8px 4px 8px;} .battle-log .inner-after {margin-top:0.5em;} .battle-log h2 {margin:0.5em -8px;padding:4px 8px;border:1px solid #AAAAAA;background:#E0E7EA;border-left:0;border-right:0;font-family:Verdana, sans-serif;font-size:13pt;} .battle-log .chat {vertical-align:middle;padding:3px 0 3px 0;font-size:8pt;} .battle-log .chat strong {color:#40576A;} .battle-log .chat em {padding:1px 4px 1px 3px;color:#000000;font-style:normal;} .chat.mine {background:rgba(0,0,0,0.05);margin-left:-8px;margin-right:-8px;padding-left:8px;padding-right:8px;} .spoiler {color:#BBBBBB;background:#BBBBBB;padding:0px 3px;} .spoiler:hover, .spoiler:active, .spoiler-shown {color:#000000;background:#E2E2E2;padding:0px 3px;} .spoiler a {color:#BBBBBB;} .spoiler:hover a, .spoiler:active a, .spoiler-shown a {color:#2288CC;} .chat code, .chat .spoiler:hover code, .chat .spoiler:active code, .chat .spoiler-shown code {border:1px solid #C0C0C0;background:#EEEEEE;color:black;padding:0 2px;} .chat .spoiler code {border:1px solid #CCCCCC;background:#CCCCCC;color:#CCCCCC;} .battle-log .rated {padding:3px 4px;} .battle-log .rated strong {color:white;background:#89A;padding:1px 4px;border-radius:4px;} .spacer {margin-top:0.5em;} .message-announce {background:#6688AA;color:white;padding:1px 4px 2px;} .message-announce a, .broadcast-green a, .broadcast-blue a, .broadcast-red a {color:#DDEEFF;} .broadcast-green {background-color:#559955;color:white;padding:2px 4px;} .broadcast-blue {background-color:#6688AA;color:white;padding:2px 4px;} .infobox {border:1px solid #6688AA;padding:2px 4px;} .infobox-limited {max-height:200px;overflow:auto;overflow-x:hidden;} .broadcast-red {background-color:#AA5544;color:white;padding:2px 4px;} .message-learn-canlearn {font-weight:bold;color:#228822;text-decoration:underline;} .message-learn-cannotlearn {font-weight:bold;color:#CC2222;text-decoration:underline;} .message-effect-weak {font-weight:bold;color:#CC2222;} .message-effect-resist {font-weight:bold;color:#6688AA;} .message-effect-immune {font-weight:bold;color:#666666;} .message-learn-list {margin-top:0;margin-bottom:0;} .message-throttle-notice, .message-error {color:#992222;} .message-overflow, .chat small.message-overflow {font-size:0pt;} .message-overflow::before {font-size:9pt;content:'...';} .subtle {color:#3A4A66;}
</style>
<div class="wrapper replay-wrapper" style="max-width:1180px;margin:0 auto">
<input type="hidden" name="replayid" value="smogtours-gen2ou-237492" />
<div class="battle"></div><div class="battle-log"></div><div class="replay-controls"></div><div class="replay-controls-2"></div>
<h1 style="font-weight:normal;text-align:center"><strong>[Gen 2] OU</strong><br /><a href="http://pokemonshowdown.com/users/mre" class="subtle" target="_blank">Mr.E</a> vs. <a href="http://pokemonshowdown.com/users/giara" class="subtle" target="_blank">giara ★_★</a></h1>
<script type="text/plain" class="battle-log-data">|inactive|Battle timer is ON: inactive players will automatically lose when time's up.
|J|Mr.E
|J|giara ★_★
|player|p1|Mr.E|160
|player|p2|giara ★_★|218
|gametype|singles
|gen|2
|tier|[Gen 2] OU
|seed|35737,60899,44568,24388
|rule|Sleep Clause Mod: Limit one foe put to sleep
|rule|Species Clause: Limit one of each Pokémon
|rule|OHKO Clause: OHKO moves are banned
|rule|Evasion Moves Clause: Evasion moves are banned
|rule|HP Percentage Mod: HP is shown in percentages
|
|start
|switch|p1a: Sexdos|Zapdos|383\/383
|switch|p2a: Raikou|Raikou|383\/383
|turn|1
|J|hyogafodex
|J|Triangles RSE
|J|soulgazer
|J|marcop9923
|J|ttfTw
|J|Mysterious M
|J|in_search9
|J|Enki
|J|atomicllamas ☾
|J|choolio iglesias
|J|SUPER MARSHALL
|c|+marcop9923|spl?
|J|Pearl
|J|FINCHINATOR
|c|%Pearl|grocer.
|c|+SUPER MARSHALL|y
|J|Marlon Brando
|J|Fish18
|J|miltankmilk
|J|zsfdasfafsasfs
|J|demolition code
|c|★giara ★_★|gl hf
|J|ludicrousman
|J|Cdumas
|J|Mr.378
|J|Ciele
|J|Malta Kano
|J|Foggi キング
|J|TSR
|J|SweetPosho
|J|qsns
|c|+SweetPosho|kuk
|J|Klefkwi ~ ♆
|J|Mizuhime
|J|Esteemed User
|J|Fear
|J|Rei
|c|+SweetPosho|sex.
|J|McMeghan
|J|Syl♥ie Lyyneheym
|choice|move thunderwave|move reflect
|
|move|p2a: Raikou|Reflect|p2a: Raikou
|-sidestart|p2: giara ★_★|Reflect
|move|p1a: Sexdos|Thunder Wave|p2a: Raikou
|-status|p2a: Raikou|par
|
|upkeep
|turn|2
|J|Spl4sh
|J|TDK @ Super Rod
|J|temperarious
|J|boudouche
|J|Ninja
|J|NJNP➏神
|J|THE PDC SHOW
|J|EvaLejeune
|L|EvaLejeune
|J|Peasounay
|c|+FINCHINATOR|-
|J|mael
|J|Zenadark
|J|Eo
|choice|move reflect|move roar
|
|move|p1a: Sexdos|Reflect|p1a: Sexdos
|-sidestart|p1: Mr.E|Reflect
|cant|p2: Raikou|par
|
|upkeep
|turn|3
|J|snagaa
|J|We Three Kings
|J|valentine ❤❄
|J|Prague Kick
|L|valentine ❤❄
|J|North
|J|zebraiken
|raw|<div class="broadcast-red"><b>Moderated chat was set to @!<\/b><br \/>Only users of rank @ and higher can talk.<\/div>
|choice|move thunderwave|move roar
|
|move|p1a: Sexdos|Thunder Wave|p2a: Raikou
|-fail|p2a: Raikou|par
|move|p2a: Raikou|Roar|p1a: Sexdos
|drag|p1a: Quagsex|Quagsire, M|393\/393
|
|upkeep
|turn|4
|J|LUCK>SKILL
|J|ASTOUNDED
|J|marrano
|J|Low Ladder Heroes
|choice|move earthquake|switch 6
|
|switch|p2a: Skarmory|Skarmory, M|333\/333
|move|p1a: Quagsex|Earthquake|p2a: Skarmory
|-immune|p2a: Skarmory|[msg]
|
|upkeep
|turn|5
|J|fghjdfd
|J|R!cardo
|J|MajorBowman
|J|tko
|J|SparksBlade
|J|NaughtyOttsel
|J|Skelderex
|J|dice
|choice|switch 6|move toxic
|
|switch|p1a: Sexdos|Zapdos|383\/383
|move|p2a: Skarmory|Toxic|p1a: Sexdos
|-status|p1a: Sexdos|tox
|
|-sideend|p2: giara ★_★|Reflect
|upkeep
|turn|6
|J|djjdjfjfjf
|J|TheThorn
|J|Adri989898
|J|iamgingy
|J|Neive
|L|Adri989898
|J|Ojama
|choice|switch 4|switch 6
|
|switch|p1a: uber|Snorlax, M|499\/499
|switch|p2a: Raikou|Raikou|383\/383 par
|
|-sideend|p1: Mr.E|Reflect
|upkeep
|turn|7
|J|Crystal_ rby
|J|Moonclawz
|L|Crystal_ rby
|J|Dr. Zeni$
|choice|move curse|switch 5
|
|switch|p2a: Forretress|Forretress, M|353\/353
|move|p1a: uber|Curse|p1a: uber
|-unboost|p1a: uber|spe|1
|-boost|p1a: uber|atk|1
|-boost|p1a: uber|def|1
|
|upkeep
|turn|8
|L|ASTOUNDED
|choice|move fireblast|move spikes
|
|move|p2a: Forretress|Spikes|p1a: uber
|-sidestart|p1: Mr.E|Spikes
|move|p1a: uber|Fire Blast|p2a: Forretress
|-crit|p2a: Forretress
|-supereffective|p2a: Forretress
|-damage|p2a: Forretress|0 fnt
|faint|p2a: Forretress
|J|AriiStella
|choice||switch 2
|
|switch|p2a: Umbreon|Umbreon, M|393\/393
|
|upkeep
|turn|9
|J|Biosci
|choice|move bodyslam|move charm
|
|move|p2a: Umbreon|Charm|p1a: uber
|-unboost|p1a: uber|atk|2
|move|p1a: uber|Body Slam|p2a: Umbreon
|-damage|p2a: Umbreon|331\/393
|
|-heal|p2a: Umbreon|355\/393|[from] item: Leftovers
|upkeep
|turn|10
|J|Pohjis
|J|i punch black"ppl"
|J|lnsult
|J|Love&Drugs
|J|SOULWIND❄
|J|Contacting
|J|Northbridge
|J|Snou
|J|Freeroamer
|J|big red monster
|J|dodmen
|L|Ninja
|J|ReshiRampage
|choice|switch 4|move pursuit
|
|-activate|p1a: uber|move: Pursuit
|move|p2a: Umbreon|Pursuit|p1a: uber|[from]Pursuit
|-damage|p1a: uber|431\/499
|switch|p1a: Sexdos|Zapdos|383\/383 tox
|-status|p1a: Sexdos|psn
|-damage|p1a: Sexdos|336\/383 psn|[from] psn
|
|-heal|p1a: Sexdos|359\/383 psn|[from] item: Leftovers
|-heal|p2a: Umbreon|379\/393|[from] item: Leftovers
|upkeep
|turn|11
|J|Majaspic22
|J|LERU
|J|CursedStar
|J|Blim
|J|bro fist
|choice|move reflect|switch 5
|
|switch|p2a: Raikou|Raikou|383\/383 par
|move|p1a: Sexdos|Reflect|p1a: Sexdos
|-sidestart|p1: Mr.E|Reflect
|-damage|p1a: Sexdos|312\/383 psn|[from] psn
|
|-heal|p1a: Sexdos|335\/383 psn|[from] item: Leftovers
|upkeep
|turn|12
|J|Conflict
|L|lnsult
|choice|switch 6|move roar
|
|switch|p1a: Quagsex|Quagsire, M|393\/393
|-damage|p1a: Quagsex|344\/393|[from] Spikes
|move|p2a: Raikou|Roar|p1a: Quagsex
|drag|p1a: Sextank|Miltank, F|393\/393
|-damage|p1a: Sextank|344\/393|[from] Spikes
|
|-heal|p1a: Sextank|368\/393|[from] item: Leftovers
|upkeep
|turn|13
|L|Blim
|J|broken dreams
|L|Mizuhime
|L|Malta Kano
|J|trash
|L|NaughtyOttsel
|J|wally the bully
|J|Obliviate.
|L|Obliviate.
|choice|move bodyslam|move roar
|
|move|p1a: Sextank|Body Slam|p2a: Raikou
|-damage|p2a: Raikou|278\/383 par
|cant|p2: Raikou|par
|
|-heal|p1a: Sextank|392\/393|[from] item: Leftovers
|-heal|p2a: Raikou|301\/383 par|[from] item: Leftovers
|upkeep
|turn|14
|choice|move bodyslam|switch 6
|
|switch|p2a: Skarmory|Skarmory, M|333\/333
|move|p1a: Sextank|Body Slam|p2a: Skarmory
|-resisted|p2a: Skarmory
|-damage|p2a: Skarmory|301\/333
|
|-heal|p1a: Sextank|393\/393|[from] item: Leftovers
|-heal|p2a: Skarmory|321\/333|[from] item: Leftovers
|upkeep
|turn|15
|J|Blim
|choice|move bodyslam|move whirlwind
|
|move|p1a: Sextank|Body Slam|p2a: Skarmory
|-resisted|p2a: Skarmory
|-damage|p2a: Skarmory|285\/333
|move|p2a: Skarmory|Whirlwind|p1a: Sextank
|drag|p1a: uber|Snorlax, M|431\/499
|-damage|p1a: uber|369\/499|[from] Spikes
|
|-heal|p2a: Skarmory|305\/333|[from] item: Leftovers
|-heal|p1a: uber|400\/499|[from] item: Leftovers
|-sideend|p1: Mr.E|Reflect
|upkeep
|turn|16
|L|ReshiRampage
|J|Neutral Zone ◄
|J|craing
|J|Croven
|choice|move bodyslam|switch 5
|
|switch|p2a: Umbreon|Umbreon, M|379\/393
|move|p1a: uber|Body Slam|p2a: Umbreon
|-damage|p2a: Umbreon|286\/393
|
|-heal|p2a: Umbreon|310\/393|[from] item: Leftovers
|-heal|p1a: uber|431\/499|[from] item: Leftovers
|upkeep
|turn|17
|L|ludicrousman
|J|Rampecker
|choice|move bodyslam|move charm
|
|move|p2a: Umbreon|Charm|p1a: uber
|-unboost|p1a: uber|atk|2
|move|p1a: uber|Body Slam|p2a: Umbreon
|-damage|p2a: Umbreon|263\/393
|
|-heal|p2a: Umbreon|287\/393|[from] item: Leftovers
|-heal|p1a: uber|462\/499|[from] item: Leftovers
|upkeep
|turn|18
|J|ludicrousman
|L|snagaa
|J|reyscarface
|choice|move bodyslam|move toxic
|
|move|p2a: Umbreon|Toxic|p1a: uber
|-status|p1a: uber|tox
|move|p1a: uber|Body Slam|p2a: Umbreon
|-damage|p2a: Umbreon|234\/393
|-damage|p1a: uber|431\/499 tox|[from] tox|[of] p2a: Umbreon
|
|-heal|p2a: Umbreon|258\/393|[from] item: Leftovers
|-heal|p1a: uber|462\/499 tox|[from] item: Leftovers
|upkeep
|turn|19
|J|fdj
|J|ABR
|J|ETERNAL SPIRIT ☀
|J|smile toad☆ ♫
|J|Lacus Clyne
|J|Serbosse
|J|Obliviate.
|choice|switch 4|move moonlight
|
|switch|p1a: Sextank|Miltank, F|393\/393
|-damage|p1a: Sextank|344\/393|[from] Spikes
|move|p2a: Umbreon|Moonlight|p2a: Umbreon
|-heal|p2a: Umbreon|393\/393
|
|-heal|p1a: Sextank|368\/393|[from] item: Leftovers
|upkeep
|turn|20
|J|Holiano
|J|partys over
|L|CursedStar
|choice|move bodyslam|switch 5
|
|switch|p2a: Skarmory|Skarmory, M|305\/333
|move|p1a: Sextank|Body Slam|p2a: Skarmory
|-resisted|p2a: Skarmory
|-damage|p2a: Skarmory|271\/333
|-status|p2a: Skarmory|par
|
|-heal|p1a: Sextank|392\/393|[from] item: Leftovers
|-heal|p2a: Skarmory|291\/333 par|[from] item: Leftovers
|upkeep
|turn|21
|J|Esprit nuit
|choice|switch 3|move whirlwind
|
|switch|p1a: Sexmie|Starmie|299\/299
|-damage|p1a: Sexmie|262\/299|[from] Spikes
|move|p2a: Skarmory|Whirlwind|p1a: Sexmie
|drag|p1a: Quagsex|Quagsire, M|344\/393
|-damage|p1a: Quagsex|295\/393|[from] Spikes
|
|-heal|p1a: Quagsex|319\/393|[from] item: Leftovers
|-heal|p2a: Skarmory|311\/333 par|[from] item: Leftovers
|upkeep
|turn|22
|choice|switch 2|move whirlwind
|
|switch|p1a: Sexmie|Starmie|262\/299
|-damage|p1a: Sexmie|225\/299|[from] Spikes
|move|p2a: Skarmory|Whirlwind|p1a: Sexmie
|drag|p1a: Sextank|Miltank, F|392\/393
|-damage|p1a: Sextank|343\/393|[from] Spikes
|
|-heal|p1a: Sextank|367\/393|[from] item: Leftovers
|-heal|p2a: Skarmory|331\/333 par|[from] item: Leftovers
|upkeep
|turn|23
|J|obii°
|L|TSR
|J|blunderr
|choice|move growl|move whirlwind
|
|move|p1a: Sextank|Growl|p2a: Skarmory
|-unboost|p2a: Skarmory|atk|1
|cant|p2: Skarmory|par
|
|-heal|p1a: Sextank|391\/393|[from] item: Leftovers
|-heal|p2a: Skarmory|333\/333 par|[from] item: Leftovers
|upkeep
|turn|24
|choice|switch 6|move whirlwind
|
|switch|p1a: Sexdos|Zapdos|335\/383 psn
|-damage|p1a: Sexdos|288\/383 psn|[from] psn
|move|p2a: Skarmory|Whirlwind|p1a: Sexdos
|drag|p1a: uber|Snorlax, M|462\/499 tox
|-status|p1a: uber|psn
|-damage|p1a: uber|400\/499 psn|[from] Spikes
|
|-heal|p1a: uber|431\/499 psn|[from] item: Leftovers
|upkeep
|turn|25
|J|TSR
|J|Galactik Red
|J|Corazan ✔️
|J|Celysi(◑_◑)
|choice|move fireblast|switch 5
|
|switch|p2a: Umbreon|Umbreon, M|393\/393
|move|p1a: uber|Fire Blast|p2a: Umbreon
|-damage|p2a: Umbreon|330\/393
|-damage|p1a: uber|369\/499 psn|[from] psn|[of] p2a: Umbreon
|
|-heal|p2a: Umbreon|354\/393|[from] item: Leftovers
|-heal|p1a: uber|400\/499 psn|[from] item: Leftovers
|upkeep
|turn|26
|J|weshbien ✔️
|L|Galactik Red
|choice|move bodyslam|move charm
|
|move|p2a: Umbreon|Charm|p1a: uber
|-unboost|p1a: uber|atk|2
|move|p1a: uber|Body Slam|p2a: Umbreon
|-damage|p2a: Umbreon|300\/393
|-damage|p1a: uber|338\/499 psn|[from] psn|[of] p2a: Umbreon
|
|-heal|p2a: Umbreon|324\/393|[from] item: Leftovers
|-heal|p1a: uber|369\/499 psn|[from] item: Leftovers
|upkeep
|turn|27
|J|Pandeth
|choice|move rest|switch 6
|
|switch|p2a: Raikou|Raikou|301\/383 par
|move|p1a: uber|Rest|p1a: uber
|-status|p1: uber|slp
|-heal|p1a: uber|499\/499 slp|[silent]
|-status|p1a: uber|slp|[from] move: Rest
|
|-heal|p2a: Raikou|324\/383 par|[from] item: Leftovers
|upkeep
|turn|28
|J|Genesis7
|J|Duck Chris
|choice|move bodyslam|move roar
|
|cant|p1: uber|slp
|move|p2a: Raikou|Roar|p1a: uber
|drag|p1a: Sexmie|Starmie|225\/299
|-damage|p1a: Sexmie|188\/299|[from] Spikes
|
|-heal|p1a: Sexmie|206\/299|[from] item: Leftovers
|-heal|p2a: Raikou|347\/383 par|[from] item: Leftovers
|upkeep
|turn|29
|L|zebraiken
|choice|move rapidspin|move thunderbolt
|
|move|p1a: Sexmie|Rapid Spin|p2a: Raikou
|-damage|p2a: Raikou|330\/383 par
|-sideend|p1: Mr.E|Spikes|[from] move: Rapid Spin|[of] p1a: Sexmie
|cant|p2: Raikou|par
|
|-heal|p1a: Sexmie|224\/299|[from] item: Leftovers
|-heal|p2a: Raikou|353\/383 par|[from] item: Leftovers
|upkeep
|turn|30
|J|SamVGC ✿
|J|Adam the First
|choice|switch 2|move reflect
|
|switch|p1a: Quagsex|Quagsire, M|319\/393
|move|p2a: Raikou|Reflect|p2a: Raikou
|-sidestart|p2: giara ★_★|Reflect
|
|-heal|p1a: Quagsex|343\/393|[from] item: Leftovers
|-heal|p2a: Raikou|376\/383 par|[from] item: Leftovers
|upkeep
|turn|31
|L|Adam the First
|J|Vinc2612
|choice|switch 4|switch 5
|
|switch|p1a: Sexdos|Zapdos|288\/383 psn
|-damage|p1a: Sexdos|241\/383 psn|[from] psn
|switch|p2a: Skarmory|Skarmory, M|333\/333 par
|
|-heal|p1a: Sexdos|264\/383 psn|[from] item: Leftovers
|upkeep
|turn|32
|choice|move rest|switch 5
|
|switch|p2a: Raikou|Raikou|376\/383 par
|move|p1a: Sexdos|Rest|p1a: Sexdos
|-status|p1: Sexdos|slp
|-heal|p1a: Sexdos|383\/383 slp|[silent]
|-status|p1a: Sexdos|slp|[from] move: Rest
|
|-heal|p2a: Raikou|383\/383 par|[from] item: Leftovers
|upkeep
|turn|33
|L|djjdjfjfjf
|L|AriiStella
|L|Duck Chris
|choice|switch 6|move roar
|
|switch|p1a: Sextank|Miltank, F|391\/393
|cant|p2: Raikou|par
|
|-heal|p1a: Sextank|393\/393|[from] item: Leftovers
|upkeep
|turn|34
|choice|move healbell|switch 5
|
|switch|p2a: Skarmory|Skarmory, M|333\/333 par
|move|p1a: Sextank|Heal Bell|p1a: Sextank
|-cureteam|p1a: Sextank|[from] move: Heal Bell
|
|-sideend|p2: giara ★_★|Reflect
|upkeep
|turn|35
|choice|switch 6|move toxic
|
|switch|p1a: Sexdos|Zapdos|383\/383
|move|p2a: Skarmory|Toxic|p1a: Sexdos
|-status|p1a: Sexdos|tox
|
|upkeep
|turn|36
|J|Adam the First
|J|Finding True Love
|choice|switch 3|switch 5
|
|switch|p1a: uber|Snorlax, M|499\/499
|switch|p2a: Raikou|Raikou|383\/383 par
|
|upkeep
|turn|37
|L|Adam the First
|choice|move curse|move reflect
|
|move|p1a: uber|Curse|p1a: uber
|-unboost|p1a: uber|spe|1
|-boost|p1a: uber|atk|1
|-boost|p1a: uber|def|1
|move|p2a: Raikou|Reflect|p2a: Raikou
|-sidestart|p2: giara ★_★|Reflect
|
|upkeep
|turn|38
|J|sam-testings睡觉
|choice|move bodyslam|move roar
|
|move|p1a: uber|Body Slam|p2a: Raikou
|-damage|p2a: Raikou|287\/383 par
|move|p2a: Raikou|Roar|p1a: uber
|drag|p1a: Sexmie|Starmie|224\/299
|
|-heal|p1a: Sexmie|242\/299|[from] item: Leftovers
|-heal|p2a: Raikou|310\/383 par|[from] item: Leftovers
|upkeep
|turn|39
|J|djjdjfjfjf
|J|DeepBlueC
|L|Genesis7
|choice|switch 4|move roar
|
|switch|p1a: Quagsex|Quagsire, M|343\/393
|move|p2a: Raikou|Roar|p1a: Quagsex
|drag|p1a: uber|Snorlax, M|499\/499
|
|-heal|p2a: Raikou|333\/383 par|[from] item: Leftovers
|upkeep
|turn|40
|J|yuukafu
|choice|move curse|switch 6
|
|switch|p2a: Umbreon|Umbreon, M|324\/393
|move|p1a: uber|Curse|p1a: uber
|-unboost|p1a: uber|spe|1
|-boost|p1a: uber|atk|1
|-boost|p1a: uber|def|1
|
|-heal|p2a: Umbreon|348\/393|[from] item: Leftovers
|upkeep
|turn|41
|choice|move bodyslam|move charm
|
|move|p2a: Umbreon|Charm|p1a: uber
|-unboost|p1a: uber|atk|2
|move|p1a: uber|Body Slam|p2a: Umbreon
|-crit|p2a: Umbreon
|-damage|p2a: Umbreon|166\/393
|
|-heal|p2a: Umbreon|190\/393|[from] item: Leftovers
|-sideend|p2: giara ★_★|Reflect
|upkeep
|turn|42
|L|big red monster
|choice|move bodyslam|move moonlight
|
|move|p2a: Umbreon|Moonlight|p2a: Umbreon
|-heal|p2a: Umbreon|386\/393
|move|p1a: uber|Body Slam|p2a: Umbreon
|-damage|p2a: Umbreon|323\/393
|-status|p2a: Umbreon|par
|
|-heal|p2a: Umbreon|347\/393 par|[from] item: Leftovers
|upkeep
|turn|43
|L|sam-testings睡觉
|choice|switch 3|move toxic
|
|switch|p1a: Sexdos|Zapdos|383\/383 tox
|-status|p1a: Sexdos|psn
|-damage|p1a: Sexdos|336\/383 psn|[from] psn
|cant|p2: Umbreon|par
|
|-heal|p1a: Sexdos|359\/383 psn|[from] item: Leftovers
|-heal|p2a: Umbreon|371\/393 par|[from] item: Leftovers
|upkeep
|turn|44
|J|Skyrio ✪
|L|Pandeth
|choice|switch 2|switch 6
|
|switch|p1a: Quagsex|Quagsire, M|343\/393
|switch|p2a: Raikou|Raikou|333\/383 par
|
|-heal|p1a: Quagsex|367\/393|[from] item: Leftovers
|-heal|p2a: Raikou|356\/383 par|[from] item: Leftovers
|upkeep
|turn|45
|J|Karppi
|J|Pandeth
|choice|move bellydrum|switch 5
|
|switch|p2a: Skarmory|Skarmory, M|333\/333 par
|move|p1a: Quagsex|Belly Drum|p1a: Quagsex
|-damage|p1a: Quagsex|171\/393
|-setboost|p1a: Quagsex|atk|6|[from] move: Belly Drum
|
|-heal|p1a: Quagsex|195\/393|[from] item: Leftovers
|upkeep
|turn|46
|J|Adam the First
|L|partys over
|J|Lucas87 º-º
|choice|move hiddenpower|move whirlwind
|
|move|p1a: Quagsex|Hidden Power|p2a: Skarmory
|-damage|p2a: Skarmory|197\/333 par
|move|p2a: Skarmory|Whirlwind|p1a: Quagsex
|drag|p1a: uber|Snorlax, M|499\/499
|
|-heal|p2a: Skarmory|217\/333 par|[from] item: Leftovers
|upkeep
|turn|47
|J|Ed
|choice|switch 3|move toxic
|
|switch|p1a: Quagsex|Quagsire, M|195\/393
|move|p2a: Skarmory|Toxic|p1a: Quagsex|[miss]
|-miss|p2a: Skarmory|p1a: Quagsex
|
|-heal|p1a: Quagsex|219\/393|[from] item: Leftovers
|-heal|p2a: Skarmory|237\/333 par|[from] item: Leftovers
|upkeep
|turn|48
|L|LUCK>SKILL
|choice|move rest|move toxic
|
|move|p1a: Quagsex|Rest|p1a: Quagsex
|-status|p1: Quagsex|slp
|-heal|p1a: Quagsex|393\/393 slp|[silent]
|-status|p1a: Quagsex|slp|[from] move: Rest
|move|p2a: Skarmory|Toxic|p1a: Quagsex
|-fail|p1a: Quagsex
|
|-heal|p2a: Skarmory|257\/333 par|[from] item: Leftovers
|upkeep
|turn|49
|J|Vai Lusa
|J|LUCK>SKILL
|J|The Mawile Ace
|J|NaughtyOttsel
|choice|move bellydrum|move whirlwind
|
|cant|p1: Quagsex|slp
|move|p2a: Skarmory|Whirlwind|p1a: Quagsex
|drag|p1a: Tyranisex|Tyranitar, M|403\/403
|
|-heal|p2a: Skarmory|277\/333 par|[from] item: Leftovers
|upkeep
|turn|50
|L|SUPER MARSHALL
|J|talkin on the low
|L|Adam the First
|choice|move rockslide|switch 6
|
|switch|p2a: Umbreon|Umbreon, M|371\/393 par
|move|p1a: Tyranisex|Rock Slide|p2a: Umbreon
|-damage|p2a: Umbreon|269\/393 par
|
|-heal|p2a: Umbreon|293\/393 par|[from] item: Leftovers
|upkeep
|turn|51
|J|Bughouse
|choice|move rockslide|move toxic
|
|move|p1a: Tyranisex|Rock Slide|p2a: Umbreon
|-damage|p2a: Umbreon|186\/393 par
|move|p2a: Umbreon|Toxic|p1a: Tyranisex
|-status|p1a: Tyranisex|tox
|
|-heal|p2a: Umbreon|210\/393 par|[from] item: Leftovers
|upkeep
|turn|52
|choice|switch 5|move moonlight
|
|switch|p1a: Quagsex|Quagsire, M|393\/393 slp
|move|p2a: Umbreon|Moonlight|p2a: Umbreon
|-heal|p2a: Umbreon|393\/393 par
|
|upkeep
|turn|53
|L|The Mawile Ace
|choice|move hiddenpower|switch 6
|
|switch|p2a: Skarmory|Skarmory, M|277\/333 par
|cant|p1: Quagsex|slp
|
|-heal|p2a: Skarmory|297\/333 par|[from] item: Leftovers
|upkeep
|turn|54
|choice|switch 2|move toxic
|
|switch|p1a: Sexdos|Zapdos|359\/383 psn
|-damage|p1a: Sexdos|312\/383 psn|[from] psn
|move|p2a: Skarmory|Toxic|p1a: Sexdos
|-fail|p1a: Sexdos
|
|-heal|p1a: Sexdos|335\/383 psn|[from] item: Leftovers
|-heal|p2a: Skarmory|317\/333 par|[from] item: Leftovers
|upkeep
|turn|55
|J|falcons _zf
|choice|switch 2|switch 5
|
|switch|p1a: Quagsex|Quagsire, M|393\/393 slp
|switch|p2a: Raikou|Raikou|356\/383 par
|
|-heal|p2a: Raikou|379\/383 par|[from] item: Leftovers
|upkeep
|turn|56
|choice|move earthquake|switch 5
|
|switch|p2a: Skarmory|Skarmory, M|317\/333 par
|-curestatus|p1a: Quagsex|slp|[msg]
|move|p1a: Quagsex|Earthquake|p2a: Skarmory
|-immune|p2a: Skarmory|[msg]
|
|-heal|p2a: Skarmory|333\/333 par|[from] item: Leftovers
|upkeep
|turn|57
|choice|switch 2|move whirlwind
|
|switch|p1a: Sexdos|Zapdos|335\/383 psn
|-damage|p1a: Sexdos|288\/383 psn|[from] psn
|move|p2a: Skarmory|Whirlwind|p1a: Sexdos
|drag|p1a: uber|Snorlax, M|499\/499
|
|upkeep
|turn|58
|J|k3nan ☭
|L|Foggi キング
|L|djjdjfjfjf
|J|Saample Teams
|choice|move fireblast|move toxic
|
|move|p1a: uber|Fire Blast|p2a: Skarmory|[miss]
|-miss|p1a: uber|p2a: Skarmory
|move|p2a: Skarmory|Toxic|p1a: uber
|-status|p1a: uber|tox
|
|upkeep
|turn|59
|L|Cdumas
|choice|switch 3|switch 6
|
|switch|p1a: Sexdos|Zapdos|288\/383 psn
|-damage|p1a: Sexdos|241\/383 psn|[from] psn
|switch|p2a: Umbreon|Umbreon, M|393\/393 par
|
|-heal|p1a: Sexdos|264\/383 psn|[from] item: Leftovers
|upkeep
|turn|60
|J|hamhamhamham
|J|Coconate
|J|prajpran
|J|ChillShadow
|J|djjdjfjfjf
|L|obii°
|J|Cdumas
|L|Zenadark
|choice|switch 2|move pursuit
|
|-activate|p1a: Sexdos|move: Pursuit
|cant|p2: Umbreon|par
|switch|p1a: Quagsex|Quagsire, M|393\/393
|
|upkeep
|turn|61
|choice|switch 5|switch 6
|
|switch|p1a: Tyranisex|Tyranitar, M|403\/403 tox
|-status|p1a: Tyranisex|psn
|-damage|p1a: Tyranisex|353\/403 psn|[from] psn
|switch|p2a: Skarmory|Skarmory, M|333\/333 par
|
|-heal|p1a: Tyranisex|378\/403 psn|[from] item: Leftovers
|upkeep
|turn|62
|J|azure kingpin
|choice|move pursuit|switch 6
|
|-activate|p2a: Skarmory|move: Pursuit
|move|p1a: Tyranisex|Pursuit|p2a: Skarmory|[from]Pursuit
|-resisted|p2a: Skarmory
|-damage|p2a: Skarmory|276\/333 par
|-damage|p1a: Tyranisex|328\/403 psn|[from] psn|[of] p2a: Skarmory
|switch|p2a: Umbreon|Umbreon, M|393\/393 par
|
|-heal|p1a: Tyranisex|353\/403 psn|[from] item: Leftovers
|upkeep
|turn|63
|J|Lutra
|J|Colchonero
|J|EvaUnit10
|L|ETERNAL SPIRIT ☀
|choice|move rockslide|move charm
|
|move|p1a: Tyranisex|Rock Slide|p2a: Umbreon
|-damage|p2a: Umbreon|294\/393 par
|-damage|p1a: Tyranisex|303\/403 psn|[from] psn|[of] p2a: Umbreon
|cant|p2: Umbreon|par
|
|-heal|p1a: Tyranisex|328\/403 psn|[from] item: Leftovers
|-heal|p2a: Umbreon|318\/393 par|[from] item: Leftovers
|upkeep
|turn|64
|J|Nintendi
|J|The Idiot Ninja
|choice|switch 2|move charm
|
|switch|p1a: Sexdos|Zapdos|264\/383 psn
|-damage|p1a: Sexdos|217\/383 psn|[from] psn
|move|p2a: Umbreon|Charm|p1a: Sexdos
|-unboost|p1a: Sexdos|atk|2
|
|-heal|p1a: Sexdos|240\/383 psn|[from] item: Leftovers
|-heal|p2a: Umbreon|342\/393 par|[from] item: Leftovers
|upkeep
|turn|65
|L|djjdjfjfjf
|L|marcop9923
|choice|move thunderbolt|switch 5
|
|switch|p2a: Raikou|Raikou|379\/383 par
|move|p1a: Sexdos|Thunderbolt|p2a: Raikou
|-resisted|p2a: Raikou
|-damage|p2a: Raikou|312\/383 par
|-damage|p1a: Sexdos|193\/383 psn|[from] psn|[of] p2a: Raikou
|
|-heal|p1a: Sexdos|216\/383 psn|[from] item: Leftovers
|-heal|p2a: Raikou|335\/383 par|[from] item: Leftovers
|upkeep
|turn|66
|L|azure kingpin
|J|Sabella*
|L|NaughtyOttsel
|choice|move rest|move thunderbolt
|
|move|p1a: Sexdos|Rest|p1a: Sexdos
|-status|p1: Sexdos|slp
|-heal|p1a: Sexdos|383\/383 slp|[silent]
|-status|p1a: Sexdos|slp|[from] move: Rest
|move|p2a: Raikou|Thunderbolt|p1a: Sexdos
|-crit|p1a: Sexdos
|-damage|p1a: Sexdos|129\/383 slp
|
|-heal|p1a: Sexdos|152\/383 slp|[from] item: Leftovers
|-heal|p2a: Raikou|358\/383 par|[from] item: Leftovers
|upkeep
|turn|67
|J|Pak
|J|Malta Kano
|L|boudouche
|choice|move rest|switch 6
|
|switch|p2a: Skarmory|Skarmory, M|276\/333 par
|cant|p1: Sexdos|slp
|
|-heal|p1a: Sexdos|175\/383 slp|[from] item: Leftovers
|-heal|p2a: Skarmory|296\/333 par|[from] item: Leftovers
|upkeep
|turn|68
|choice|move thunderbolt|move whirlwind
|
|cant|p1: Sexdos|slp
|move|p2a: Skarmory|Whirlwind|p1a: Sexdos
|drag|p1a: Tyranisex|Tyranitar, M|328\/403 psn
|
|-heal|p1a: Tyranisex|353\/403 psn|[from] item: Leftovers
|-heal|p2a: Skarmory|316\/333 par|[from] item: Leftovers
|upkeep
|turn|69
|choice|move rockslide|switch 5
|
|switch|p2a: Umbreon|Umbreon, M|342\/393 par
|move|p1a: Tyranisex|Rock Slide|p2a: Umbreon
|-damage|p2a: Umbreon|246\/393 par
|-damage|p1a: Tyranisex|303\/403 psn|[from] psn|[of] p2a: Umbreon
|
|-heal|p1a: Tyranisex|328\/403 psn|[from] item: Leftovers
|-heal|p2a: Umbreon|270\/393 par|[from] item: Leftovers
|upkeep
|turn|70
|J|djjdjfjfjf
|choice|switch 2|move charm
|
|switch|p1a: Sexdos|Zapdos|175\/383 slp
|move|p2a: Umbreon|Charm|p1a: Sexdos
|-unboost|p1a: Sexdos|atk|2
|
|-heal|p1a: Sexdos|198\/383 slp|[from] item: Leftovers
|-heal|p2a: Umbreon|294\/393 par|[from] item: Leftovers
|upkeep
|turn|71
|J|Nelson
|J|boudouche
|choice|switch 5|switch 4
|
|switch|p1a: Quagsex|Quagsire, M|393\/393
|switch|p2a: Snorlax|Snorlax, M|523\/523
|
|upkeep
|turn|72
|choice|move bellydrum|switch 5
|
|switch|p2a: Skarmory|Skarmory, M|316\/333 par
|move|p1a: Quagsex|Belly Drum|p1a: Quagsex
|-damage|p1a: Quagsex|197\/393
|-setboost|p1a: Quagsex|atk|6|[from] move: Belly Drum
|
|-heal|p1a: Quagsex|221\/393|[from] item: Leftovers
|-heal|p2a: Skarmory|333\/333 par|[from] item: Leftovers
|upkeep
|turn|73
|choice|move hiddenpower|move whirlwind
|
|move|p1a: Quagsex|Hidden Power|p2a: Skarmory
|-damage|p2a: Skarmory|188\/333 par
|move|p2a: Skarmory|Whirlwind|p1a: Quagsex
|drag|p1a: Sexmie|Starmie|242\/299
|
|-heal|p1a: Sexmie|260\/299|[from] item: Leftovers
|-heal|p2a: Skarmory|208\/333 par|[from] item: Leftovers
|upkeep
|turn|74
|choice|move surf|switch 6
|
|switch|p2a: Raikou|Raikou|358\/383 par
|move|p1a: Sexmie|Surf|p2a: Raikou
|-damage|p2a: Raikou|253\/383 par
|
|-heal|p1a: Sexmie|278\/299|[from] item: Leftovers
|-heal|p2a: Raikou|276\/383 par|[from] item: Leftovers
|upkeep
|turn|75
|choice|switch 4|move roar
|
|switch|p1a: Quagsex|Quagsire, M|221\/393
|move|p2a: Raikou|Roar|p1a: Quagsex
|drag|p1a: Sextank|Miltank, F|393\/393
|
|-heal|p2a: Raikou|299\/383 par|[from] item: Leftovers
|upkeep
|turn|76
|L|Serbosse
|L|Malta Kano
|choice|switch 6|switch 6
|
|switch|p1a: Quagsex|Quagsire, M|221\/393
|switch|p2a: Skarmory|Skarmory, M|208\/333 par
|
|-heal|p1a: Quagsex|245\/393|[from] item: Leftovers
|-heal|p2a: Skarmory|228\/333 par|[from] item: Leftovers
|upkeep
|turn|77
|J|Sugar K Leonard
|choice|switch 5|move toxic
|
|switch|p1a: Sexdos|Zapdos|198\/383 slp
|move|p2a: Skarmory|Toxic|p1a: Sexdos
|-fail|p1a: Sexdos
|
|-heal|p1a: Sexdos|221\/383 slp|[from] item: Leftovers
|-heal|p2a: Skarmory|248\/333 par|[from] item: Leftovers
|upkeep
|turn|78
|choice|switch 5|switch 6
|
|switch|p1a: Quagsex|Quagsire, M|245\/393
|switch|p2a: Raikou|Raikou|299\/383 par
|
|-heal|p1a: Quagsex|269\/393|[from] item: Leftovers
|-heal|p2a: Raikou|322\/383 par|[from] item: Leftovers
|upkeep
|turn|79
|J|luckstard
|J|BlueSkiddoWeCanToo
|J|talkingtree
|J|ETERNAL SPIRIT ☀
|J|Codewrecker
|L|Lacus Clyne
|choice|move hiddenpower|switch 6
|
|switch|p2a: Skarmory|Skarmory, M|248\/333 par
|move|p1a: Quagsex|Hidden Power|p2a: Skarmory
|-damage|p2a: Skarmory|211\/333 par
|
|-heal|p1a: Quagsex|293\/393|[from] item: Leftovers
|-heal|p2a: Skarmory|231\/333 par|[from] item: Leftovers
|upkeep
|turn|80
|J|BluBirD
|choice|switch 5|move whirlwind
|
|switch|p1a: Sexdos|Zapdos|221\/383 slp
|move|p2a: Skarmory|Whirlwind|p1a: Sexdos
|drag|p1a: Sexmie|Starmie|278\/299
|
|-heal|p1a: Sexmie|296\/299|[from] item: Leftovers
|-heal|p2a: Skarmory|251\/333 par|[from] item: Leftovers
|upkeep
|turn|81
|L|ETERNAL SPIRIT ☀
|L|Obliviate.
|choice|switch 5|switch 6
|
|switch|p1a: Quagsex|Quagsire, M|293\/393
|switch|p2a: Raikou|Raikou|322\/383 par
|
|-heal|p1a: Quagsex|317\/393|[from] item: Leftovers
|-heal|p2a: Raikou|345\/383 par|[from] item: Leftovers
|upkeep
|turn|82
|J|Seishi Kishimoto
|choice|move hiddenpower|switch 6
|
|switch|p2a: Skarmory|Skarmory, M|251\/333 par
|move|p1a: Quagsex|Hidden Power|p2a: Skarmory
|-damage|p2a: Skarmory|210\/333 par
|
|-heal|p1a: Quagsex|341\/393|[from] item: Leftovers
|-heal|p2a: Skarmory|230\/333 par|[from] item: Leftovers
|upkeep
|turn|83
|L|Saample Teams
|choice|move hiddenpower|switch 5
|
|switch|p2a: Snorlax|Snorlax, M|523\/523
|move|p1a: Quagsex|Hidden Power|p2a: Snorlax
|-damage|p2a: Snorlax|459\/523
|
|-heal|p1a: Quagsex|365\/393|[from] item: Leftovers
|-heal|p2a: Snorlax|491\/523|[from] item: Leftovers
|upkeep
|turn|84
|J|Adexdq
|choice|move bellydrum|switch 5
|
|switch|p2a: Skarmory|Skarmory, M|230\/333 par
|move|p1a: Quagsex|Belly Drum|p1a: Quagsex
|-damage|p1a: Quagsex|169\/393
|-setboost|p1a: Quagsex|atk|6|[from] move: Belly Drum
|
|-heal|p1a: Quagsex|193\/393|[from] item: Leftovers
|-heal|p2a: Skarmory|250\/333 par|[from] item: Leftovers
|upkeep
|turn|85
|L|Codewrecker
|J|RU Gengar
|choice|move hiddenpower|move whirlwind
|
|move|p1a: Quagsex|Hidden Power|p2a: Skarmory
|-damage|p2a: Skarmory|108\/333 par
|move|p2a: Skarmory|Whirlwind|p1a: Quagsex
|drag|p1a: Sexmie|Starmie|296\/299
|
|-heal|p1a: Sexmie|299\/299|[from] item: Leftovers
|-heal|p2a: Skarmory|128\/333 par|[from] item: Leftovers
|upkeep
|turn|86
|L|SparksBlade
|J|Sacri'
|choice|move surf|switch 6
|
|switch|p2a: Raikou|Raikou|345\/383 par
|move|p1a: Sexmie|Surf|p2a: Raikou
|-damage|p2a: Raikou|234\/383 par
|
|-heal|p2a: Raikou|257\/383 par|[from] item: Leftovers
|upkeep
|turn|87
|J|The Trap God
|choice|move surf|switch 6
|
|switch|p2a: Skarmory|Skarmory, M|128\/333 par
|move|p1a: Sexmie|Surf|p2a: Skarmory
|-damage|p2a: Skarmory|0 fnt
|faint|p2a: Skarmory
|choice||switch 5
|
|switch|p2a: Snorlax|Snorlax, M|491\/523
|
|-heal|p2a: Snorlax|523\/523|[from] item: Leftovers
|upkeep
|turn|88
|L|Flaress
|J|Pyrogon
|choice|move thunderwave|move bellydrum
|
|move|p1a: Sexmie|Thunder Wave|p2a: Snorlax
|-status|p2a: Snorlax|par
|move|p2a: Snorlax|Belly Drum|p2a: Snorlax
|-damage|p2a: Snorlax|262\/523 par
|-setboost|p2a: Snorlax|atk|6|[from] move: Belly Drum
|
|-heal|p2a: Snorlax|294\/523 par|[from] item: Leftovers
|upkeep
|turn|89
|J|sam-testings睡觉
|J|Hootie
|choice|move surf|move return
|
|move|p1a: Sexmie|Surf|p2a: Snorlax
|-damage|p2a: Snorlax|197\/523 par
|cant|p2: Snorlax|par
|
|-heal|p2a: Snorlax|229\/523 par|[from] item: Leftovers
|upkeep
|turn|90
|L|TheThorn
|L|prajpran
|J|marry me emma
|L|LUCK>SKILL
|choice|move surf|move return
|
|move|p1a: Sexmie|Surf|p2a: Snorlax
|-damage|p2a: Snorlax|132\/523 par
|cant|p2: Snorlax|par
|
|-heal|p2a: Snorlax|164\/523 par|[from] item: Leftovers
|upkeep
|turn|91
|J|LUCK>SKILL
|L|Syl♥ie Lyyneheym
|J|Get this Money
|choice|move surf|move rest
|
|move|p1a: Sexmie|Surf|p2a: Snorlax
|-damage|p2a: Snorlax|63\/523 par
|move|p2a: Snorlax|Rest|p2a: Snorlax
|-status|p2: Snorlax|slp
|-heal|p2a: Snorlax|523\/523 slp|[silent]
|-status|p2a: Snorlax|slp|[from] move: Rest
|
|upkeep
|turn|92
|J|Syl♥ie Lyyneheym
|J|M Dragon☼-
|L|Fish18
|choice|switch 5|move return
|
|switch|p1a: Quagsex|Quagsire, M|193\/393
|cant|p2: Snorlax|slp
|
|-heal|p1a: Quagsex|217\/393|[from] item: Leftovers
|upkeep
|turn|93
|J|Ezrael
|J|fitzy
|choice|move bellydrum|move return
|
|move|p1a: Quagsex|Belly Drum|p1a: Quagsex
|-damage|p1a: Quagsex|21\/393
|-setboost|p1a: Quagsex|atk|6|[from] move: Belly Drum
|cant|p2: Snorlax|slp
|
|-heal|p1a: Quagsex|45\/393|[from] item: Leftovers
|upkeep
|turn|94
|L|Adexdq
|J|noveliss
|choice|move earthquake|switch 3
|
|switch|p2a: Zapdos|Zapdos|383\/383
|move|p1a: Quagsex|Earthquake|p2a: Zapdos
|-immune|p2a: Zapdos|[msg]
|
|-heal|p1a: Quagsex|69\/393|[from] item: Leftovers
|upkeep
|turn|95
|L|M Dragon☼-
|L|Croven
|L|zsfdasfafsasfs
|J|Flaress
|choice|switch 3|move hiddenpower
|
|switch|p1a: uber|Snorlax, M|499\/499 tox
|-status|p1a: uber|psn
|-damage|p1a: uber|437\/499 psn|[from] psn
|move|p2a: Zapdos|Hidden Power|p1a: uber
|-damage|p1a: uber|375\/499 psn
|
|-heal|p1a: uber|406\/499 psn|[from] item: Leftovers
|upkeep
|turn|96
|J|joltage
|J|ETERNAL SPIRIT ☀
|choice|move curse|move thunder
|
|move|p2a: Zapdos|Thunder|p1a: uber
|-damage|p1a: uber|245\/499 psn
|move|p1a: uber|Curse|p1a: uber
|-unboost|p1a: uber|spe|1
|-boost|p1a: uber|atk|1
|-boost|p1a: uber|def|1
|-damage|p1a: uber|183\/499 psn|[from] psn|[of] p2a: Zapdos
|
|-heal|p1a: uber|214\/499 psn|[from] item: Leftovers
|upkeep
|turn|97
|L|marrano
|choice|move bodyslam|switch 3
|
|switch|p2a: Snorlax|Snorlax, M|523\/523 slp
|move|p1a: uber|Body Slam|p2a: Snorlax
|-damage|p2a: Snorlax|314\/523 slp
|-damage|p1a: uber|152\/499 psn|[from] psn|[of] p2a: Snorlax
|
|-heal|p2a: Snorlax|346\/523 slp|[from] item: Leftovers
|-heal|p1a: uber|183\/499 psn|[from] item: Leftovers
|upkeep
|turn|98
|J|marrano
|L|Klefkwi ~ ♆
|choice|move bodyslam|switch 4
|
|switch|p2a: Umbreon|Umbreon, M|294\/393 par
|move|p1a: uber|Body Slam|p2a: Umbreon
|-damage|p2a: Umbreon|133\/393 par
|-damage|p1a: uber|121\/499 psn|[from] psn|[of] p2a: Umbreon
|
|-heal|p1a: uber|152\/499 psn|[from] item: Leftovers
|-heal|p2a: Umbreon|157\/393 par|[from] item: Leftovers
|upkeep
|turn|99
|J|Shoka
|choice|move rest|move charm
|
|move|p1a: uber|Rest|p1a: uber
|-status|p1: uber|slp
|-heal|p1a: uber|499\/499 slp|[silent]
|-status|p1a: uber|slp|[from] move: Rest
|move|p2a: Umbreon|Charm|p1a: uber
|-unboost|p1a: uber|atk|2
|
|-heal|p2a: Umbreon|181\/393 par|[from] item: Leftovers
|upkeep
|turn|100
|L|Snou
|L|smile toad☆ ♫
|L|Finding True Love
|J|clueless❤️
|choice|switch 3|switch 4
|
|switch|p1a: Quagsex|Quagsire, M|69\/393
|switch|p2a: Snorlax|Snorlax, M|346\/523 slp
|
|-heal|p1a: Quagsex|93\/393|[from] item: Leftovers
|-heal|p2a: Snorlax|378\/523 slp|[from] item: Leftovers
|upkeep
|turn|101
|L|Contacting
|choice|switch 2|move return
|
|switch|p1a: Tyranisex|Tyranitar, M|328\/403 psn
|-damage|p1a: Tyranisex|278\/403 psn|[from] psn
|-curestatus|p2a: Snorlax|slp|[msg]
|move|p2a: Snorlax|Return|p1a: Tyranisex
|-resisted|p1a: Tyranisex
|-damage|p1a: Tyranisex|222\/403 psn
|
|-heal|p1a: Tyranisex|247\/403 psn|[from] item: Leftovers
|-heal|p2a: Snorlax|410\/523|[from] item: Leftovers
|upkeep
|turn|102
|J|Acacia
|L|Freeroamer
|J|test everything
|L|Pandeth
|L|Shoka
|choice|switch 3|move return
|
|switch|p1a: uber|Snorlax, M|499\/499 slp
|move|p2a: Snorlax|Return|p1a: uber
|-damage|p1a: uber|330\/499 slp
|
|-heal|p1a: uber|361\/499 slp|[from] item: Leftovers
|-heal|p2a: Snorlax|442\/523|[from] item: Leftovers
|upkeep
|turn|103
|J|ict ❤❄
|J|Lacus Clyne
|choice|move bodyslam|move return
|
|move|p2a: Snorlax|Return|p1a: uber
|-damage|p1a: uber|188\/499 slp
|cant|p1: uber|slp
|
|-heal|p1a: uber|219\/499 slp|[from] item: Leftovers
|-heal|p2a: Snorlax|474\/523|[from] item: Leftovers
|upkeep
|turn|104
|J|Shoka
|J|Heavenly Jewel
|choice|move bodyslam|move return
|
|cant|p1: uber|slp
|move|p2a: Snorlax|Return|p1a: uber
|-damage|p1a: uber|40\/499 slp
|
|-heal|p1a: uber|71\/499 slp|[from] item: Leftovers
|-heal|p2a: Snorlax|506\/523|[from] item: Leftovers
|upkeep
|turn|105
|L|djjdjfjfjf
|J|Foggi キング
|L|ETERNAL SPIRIT ☀
|choice|switch 6|move return
|
|switch|p1a: Sextank|Miltank, F|393\/393
|move|p2a: Snorlax|Return|p1a: Sextank
|-damage|p1a: Sextank|275\/393
|
|-heal|p1a: Sextank|299\/393|[from] item: Leftovers
|-heal|p2a: Snorlax|523\/523|[from] item: Leftovers
|upkeep
|turn|106
|J|Rifulowat
|J|Sareef
|L|Shoka
|J|Jayde
|L|Sacri'
|J|ETERNAL SPIRIT ☀
|J|SAPIENTIA
|J|Sacri'
|choice|move bodyslam|move bellydrum
|
|move|p1a: Sextank|Body Slam|p2a: Snorlax
|-damage|p2a: Snorlax|412\/523
|move|p2a: Snorlax|Belly Drum|p2a: Snorlax
|-damage|p2a: Snorlax|151\/523
|-setboost|p2a: Snorlax|atk|6|[from] move: Belly Drum
|
|-heal|p1a: Sextank|323\/393|[from] item: Leftovers
|-heal|p2a: Snorlax|183\/523|[from] item: Leftovers
|upkeep
|turn|107
|J|ReshiRampage
|choice|move bodyslam|move return
|
|move|p1a: Sextank|Body Slam|p2a: Snorlax
|-damage|p2a: Snorlax|67\/523
|move|p2a: Snorlax|Return|p1a: Sextank
|-damage|p1a: Sextank|0 fnt
|faint|p1a: Sextank
|J|syncrasy
|J|SparksBlade
|J|Liones ~
|choice|switch 3|
|
|switch|p1a: Tyranisex|Tyranitar, M|247\/403 psn
|
|-heal|p1a: Tyranisex|272\/403 psn|[from] item: Leftovers
|-heal|p2a: Snorlax|99\/523|[from] item: Leftovers
|upkeep
|turn|108
|J|poek97 ❄
|J|ggggd
|choice|move rockslide|move protect
|
|move|p2a: Snorlax|Protect|p2a: Snorlax
|-singleturn|p2a: Snorlax|Protect
|move|p1a: Tyranisex|Rock Slide|p2a: Snorlax
|-activate|p2a: Snorlax|Protect
|-damage|p1a: Tyranisex|222\/403 psn|[from] psn|[of] p2a: Snorlax
|
|-heal|p1a: Tyranisex|247\/403 psn|[from] item: Leftovers
|-heal|p2a: Snorlax|131\/523|[from] item: Leftovers
|upkeep
|turn|109
|L|Biosci
|J|Fish18
|J|fatalitatis
|J|n00b
|J|Raptori
|L|marrano
|J|zsfdasfafsasfs
|L|Raptori
|J|Contacting
|J|Pandeth
|J|Town Portal Scroll
|J|LOWGOCK
|J|Fireburn
|J|iloveleague
|L|iloveleague
|J|prajpran
|choice|move rockslide|switch 6
|
|switch|p2a: Raikou|Raikou|257\/383 par
|move|p1a: Tyranisex|Rock Slide|p2a: Raikou
|-damage|p2a: Raikou|124\/383 par
|-damage|p1a: Tyranisex|197\/403 psn|[from] psn|[of] p2a: Raikou
|
|-heal|p1a: Tyranisex|222\/403 psn|[from] item: Leftovers
|-heal|p2a: Raikou|147\/383 par|[from] item: Leftovers
|upkeep
|turn|110
|J|obii°
|J|M Dragon☼-
|L|Pak
|L|Pandeth
|J|Biosci
|choice|switch 2|move thunderbolt
|
|switch|p1a: Quagsex|Quagsire, M|93\/393
|move|p2a: Raikou|Thunderbolt|p1a: Quagsex
|-immune|p1a: Quagsex|[msg]
|
|-heal|p1a: Quagsex|117\/393|[from] item: Leftovers
|-heal|p2a: Raikou|170\/383 par|[from] item: Leftovers
|upkeep
|turn|111
|J|1 True Lycan
|J|marcop9923
|L|Fish18
|J|Pandeth
|J|Diegolh
|L|Vai Lusa
|J|Jet
|choice|move hiddenpower|switch 3
|
|switch|p2a: Zapdos|Zapdos|383\/383
|move|p1a: Quagsex|Hidden Power|p2a: Zapdos
|-supereffective|p2a: Zapdos
|-damage|p2a: Zapdos|273\/383
|
|-heal|p2a: Zapdos|296\/383|[from] item: Leftovers
|-heal|p1a: Quagsex|141\/393|[from] item: Leftovers
|upkeep
|turn|112
|J|Coconut
|J|z0mOG
|choice|switch 4|move hiddenpower
|
|switch|p1a: Sexdos|Zapdos|221\/383 slp
|move|p2a: Zapdos|Hidden Power|p1a: Sexdos
|-supereffective|p1a: Sexdos
|-damage|p1a: Sexdos|85\/383 slp
|
|-heal|p2a: Zapdos|319\/383|[from] item: Leftovers
|-heal|p1a: Sexdos|108\/383 slp|[from] item: Leftovers
|upkeep
|turn|113
|J|Freeroamer
|L|reyscarface
|L|Ezrael
|choice|move thunderwave|move hiddenpower
|
|move|p2a: Zapdos|Hidden Power|p1a: Sexdos
|-supereffective|p1a: Sexdos
|-damage|p1a: Sexdos|0 fnt
|faint|p1a: Sexdos
|choice|switch 5|
|
|switch|p1a: Sexmie|Starmie|299\/299
|
|-heal|p2a: Zapdos|342\/383|[from] item: Leftovers
|upkeep
|turn|114
|J|TheThorn
|J|skup
|choice|move thunderwave|switch 3
|
|switch|p2a: Raikou|Raikou|170\/383 par
|move|p1a: Sexmie|Thunder Wave|p2a: Raikou
|-fail|p2a: Raikou|par
|
|-heal|p2a: Raikou|193\/383 par|[from] item: Leftovers
|upkeep
|turn|115
|L|TheThorn
|L|wally the bully
|choice|move surf|switch 3
|
|switch|p2a: Zapdos|Zapdos|342\/383
|move|p1a: Sexmie|Surf|p2a: Zapdos
|-damage|p2a: Zapdos|226\/383
|
|-heal|p2a: Zapdos|249\/383|[from] item: Leftovers
|upkeep
|turn|116
|J|Vai Lusa
|J|djjdjfjfjf
|L|Pandeth
|J|GreenGogoatttt
|J|Guest 40179
|choice|move thunderwave|switch 6
|
|switch|p2a: Snorlax|Snorlax, M|131\/523
|move|p1a: Sexmie|Thunder Wave|p2a: Snorlax
|-status|p2a: Snorlax|par
|
|-heal|p2a: Snorlax|163\/523 par|[from] item: Leftovers
|upkeep
|turn|117
|J|Pandeth
|L|Contacting
|J|Contacting
|J|Snou
|J|wally the bully
|choice|switch 6|move rest
|
|switch|p1a: uber|Snorlax, M|71\/499 slp
|cant|p2: Snorlax|par
|
|-heal|p1a: uber|102\/499 slp|[from] item: Leftovers
|-heal|p2a: Snorlax|195\/523 par|[from] item: Leftovers
|upkeep
|turn|118
|L|Enki
|J|aqqq
|J|Frochtejoghurt
|choice|move rest|switch 4
|
|switch|p2a: Umbreon|Umbreon, M|181\/393 par
|-curestatus|p1a: uber|slp|[msg]
|move|p1a: uber|Rest|p1a: uber
|-status|p1: uber|slp
|-heal|p1a: uber|499\/499 slp|[silent]
|-status|p1a: uber|slp|[from] move: Rest
|
|-heal|p2a: Umbreon|205\/393 par|[from] item: Leftovers
|upkeep
|turn|119
|J|Eien
|J|Seeergi
|choice|move curse|move moonlight
|
|cant|p1: uber|slp
|move|p2a: Umbreon|Moonlight|p2a: Umbreon
|-heal|p2a: Umbreon|393\/393 par
|
|upkeep
|turn|120
|J|tst_100°
|choice|move curse|move charm
|
|cant|p1: uber|slp
|move|p2a: Umbreon|Charm|p1a: uber
|-unboost|p1a: uber|atk|2
|
|upkeep
|turn|121
|J|reyscarface
|L|Northbridge
|choice|switch 6|move toxic
|
|switch|p1a: Sexmie|Starmie|299\/299
|cant|p2: Umbreon|par
|
|upkeep
|turn|122
|L|The Idiot Ninja
|L|Hootie
|choice|switch 4|move toxic
|
|switch|p1a: Quagsex|Quagsire, M|141\/393
|move|p2a: Umbreon|Toxic|p1a: Quagsex
|-status|p1a: Quagsex|tox
|
|-heal|p1a: Quagsex|165\/393 tox|[from] item: Leftovers
|upkeep
|turn|123
|J|Hootie
|J|VolcanoHeadYT
|L|i punch black"ppl"
|L|VolcanoHeadYT
|L|Hootie
|J|Hootie
|choice|move rest|move charm
|
|move|p1a: Quagsex|Rest|p1a: Quagsex
|-status|p1: Quagsex|slp
|-heal|p1a: Quagsex|393\/393 slp|[silent]
|-status|p1a: Quagsex|slp|[from] move: Rest
|move|p2a: Umbreon|Charm|p1a: Quagsex
|-unboost|p1a: Quagsex|atk|2
|
|upkeep
|turn|124
|L|Hootie
|J|Hootie
|J|dainty loli
|L|Hootie
|J|Hootie
|J|Mr. Haunted
|choice|move bellydrum|switch 4
|
|switch|p2a: Snorlax|Snorlax, M|195\/523 par
|cant|p1: Quagsex|slp
|
|-heal|p2a: Snorlax|227\/523 par|[from] item: Leftovers
|upkeep
|turn|125
|J|Strealet
|J|Fish18
|J|Lethal Ammo
|choice|switch 6|move bellydrum
|
|switch|p1a: uber|Snorlax, M|499\/499 slp
|move|p2a: Snorlax|Belly Drum|p2a: Snorlax
|-boost|p2a: Snorlax|atk|2|[silent]
|-hint|In Gen 2, Belly Drum boosts by 2 when it fails.
|-fail|p2a: Snorlax
|
|-heal|p2a: Snorlax|259\/523 par|[from] item: Leftovers
|upkeep
|turn|126
|choice|move curse|move return
|
|-curestatus|p1a: uber|slp|[msg]
|move|p1a: uber|Curse|p1a: uber
|-unboost|p1a: uber|spe|1
|-boost|p1a: uber|atk|1
|-boost|p1a: uber|def|1
|cant|p2: Snorlax|par
|
|-heal|p2a: Snorlax|291\/523 par|[from] item: Leftovers
|upkeep
|turn|127
|choice|move curse|switch 4
|
|switch|p2a: Umbreon|Umbreon, M|393\/393 par
|move|p1a: uber|Curse|p1a: uber
|-unboost|p1a: uber|spe|1
|-boost|p1a: uber|atk|1
|-boost|p1a: uber|def|1
|
|upkeep
|turn|128
|choice|move bodyslam|move charm
|
|move|p1a: uber|Body Slam|p2a: Umbreon
|-damage|p2a: Umbreon|194\/393 par
|cant|p2: Umbreon|par
|
|-heal|p2a: Umbreon|218\/393 par|[from] item: Leftovers
|upkeep
|turn|129
|choice|move bodyslam|move charm
|
|move|p1a: uber|Body Slam|p2a: Umbreon
|-damage|p2a: Umbreon|17\/393 par
|move|p2a: Umbreon|Charm|p1a: uber
|-unboost|p1a: uber|atk|2
|
|-heal|p2a: Umbreon|41\/393 par|[from] item: Leftovers
|upkeep
|turn|130
|J|Subject 18
|choice|move bodyslam|switch 6
|
|switch|p2a: Zapdos|Zapdos|249\/383
|move|p1a: uber|Body Slam|p2a: Zapdos
|-damage|p2a: Zapdos|122\/383
|-status|p2a: Zapdos|par
|
|-heal|p2a: Zapdos|145\/383 par|[from] item: Leftovers
|upkeep
|turn|131
|L|iamgingy
|J|habajiga
|J|iiioiii
|choice|move curse|move thunder
|
|move|p1a: uber|Curse|p1a: uber
|-unboost|p1a: uber|spe|1
|-boost|p1a: uber|atk|1
|-boost|p1a: uber|def|1
|cant|p2: Zapdos|par
|
|-heal|p2a: Zapdos|168\/383 par|[from] item: Leftovers
|upkeep
|turn|132
|choice|move bodyslam|move thunder
|
|move|p2a: Zapdos|Thunder|p1a: uber
|-damage|p1a: uber|355\/499
|move|p1a: uber|Body Slam|p2a: Zapdos
|-damage|p2a: Zapdos|0 fnt
|faint|p2a: Zapdos
|J|tamahome
|choice||switch 3
|
|switch|p2a: Raikou|Raikou|193\/383 par
|
|-heal|p2a: Raikou|216\/383 par|[from] item: Leftovers
|-heal|p1a: uber|386\/499|[from] item: Leftovers
|upkeep
|turn|133
|J|Enki
|choice|move bodyslam|move reflect
|
|move|p2a: Raikou|Reflect|p2a: Raikou
|-sidestart|p2: giara ★_★|Reflect
|move|p1a: uber|Body Slam|p2a: Raikou
|-damage|p2a: Raikou|117\/383 par
|
|-heal|p2a: Raikou|140\/383 par|[from] item: Leftovers
|-heal|p1a: uber|417\/499|[from] item: Leftovers
|upkeep
|turn|134
|J|Frk64 -
|J|Rokhan
|J|iamgingy
|choice|move bodyslam|move roar
|
|move|p1a: uber|Body Slam|p2a: Raikou
|-damage|p2a: Raikou|49\/383 par
|cant|p2: Raikou|par
|
|-heal|p2a: Raikou|72\/383 par|[from] item: Leftovers
|-heal|p1a: uber|448\/499|[from] item: Leftovers
|upkeep
|turn|135
|L|talkin on the low
|choice|move bodyslam|move rest
|
|move|p2a: Raikou|Rest|p2a: Raikou
|-status|p2: Raikou|slp
|-heal|p2a: Raikou|383\/383 slp|[silent]
|-status|p2a: Raikou|slp|[from] move: Rest
|move|p1a: uber|Body Slam|p2a: Raikou
|-damage|p2a: Raikou|294\/383 slp
|
|-heal|p2a: Raikou|317\/383 slp|[from] item: Leftovers
|-heal|p1a: uber|479\/499|[from] item: Leftovers
|upkeep
|turn|136
|L|skup
|choice|move bodyslam|move roar
|
|move|p1a: uber|Body Slam|p2a: Raikou
|-damage|p2a: Raikou|214\/383 slp
|cant|p2: Raikou|slp
|
|-heal|p2a: Raikou|237\/383 slp|[from] item: Leftovers
|-heal|p1a: uber|499\/499|[from] item: Leftovers
|upkeep
|turn|137
|choice|move bodyslam|move roar
|
|move|p1a: uber|Body Slam|p2a: Raikou
|-damage|p2a: Raikou|140\/383 slp
|cant|p2: Raikou|slp
|
|-heal|p2a: Raikou|163\/383 slp|[from] item: Leftovers
|-sideend|p2: giara ★_★|Reflect
|upkeep
|turn|138
|choice|move bodyslam|move reflect
|
|-curestatus|p2a: Raikou|slp|[msg]
|move|p2a: Raikou|Reflect|p2a: Raikou
|-sidestart|p2: giara ★_★|Reflect
|move|p1a: uber|Body Slam|p2a: Raikou
|-damage|p2a: Raikou|64\/383
|
|-heal|p2a: Raikou|87\/383|[from] item: Leftovers
|upkeep
|turn|139
|choice|switch 6|move rest
|
|switch|p1a: Quagsex|Quagsire, M|393\/393 slp
|move|p2a: Raikou|Rest|p2a: Raikou
|-status|p2: Raikou|slp
|-heal|p2a: Raikou|383\/383 slp|[silent]
|-status|p2a: Raikou|slp|[from] move: Rest
|
|upkeep
|turn|140
|choice|move earthquake|switch 4
|
|switch|p2a: Snorlax|Snorlax, M|291\/523 par
|cant|p1: Quagsex|slp
|
|-heal|p2a: Snorlax|323\/523 par|[from] item: Leftovers
|upkeep
|turn|141
|choice|switch 2|move return
|
|switch|p1a: Tyranisex|Tyranitar, M|222\/403 psn
|-damage|p1a: Tyranisex|172\/403 psn|[from] psn
|cant|p2: Snorlax|par
|
|-heal|p1a: Tyranisex|197\/403 psn|[from] item: Leftovers
|-heal|p2a: Snorlax|355\/523 par|[from] item: Leftovers
|upkeep
|turn|142
|choice|move pursuit|move return
|
|move|p1a: Tyranisex|Pursuit|p2a: Snorlax
|-damage|p2a: Snorlax|308\/523 par
|-damage|p1a: Tyranisex|147\/403 psn|[from] psn|[of] p2a: Snorlax
|move|p2a: Snorlax|Return|p1a: Tyranisex
|-resisted|p1a: Tyranisex
|-damage|p1a: Tyranisex|84\/403 psn
|
|-heal|p1a: Tyranisex|109\/403 psn|[from] item: Leftovers
|-heal|p2a: Snorlax|340\/523 par|[from] item: Leftovers
|-sideend|p2: giara ★_★|Reflect
|upkeep
|turn|143
|choice|move rockslide|move return
|
|move|p1a: Tyranisex|Rock Slide|p2a: Snorlax|[miss]
|-miss|p1a: Tyranisex|p2a: Snorlax
|-damage|p1a: Tyranisex|59\/403 psn|[from] psn|[of] p2a: Snorlax
|cant|p2: Snorlax|par
|
|-heal|p1a: Tyranisex|84\/403 psn|[from] item: Leftovers
|-heal|p2a: Snorlax|372\/523 par|[from] item: Leftovers
|upkeep
|turn|144
|choice|move rockslide|move return
|
|move|p1a: Tyranisex|Rock Slide|p2a: Snorlax
|-damage|p2a: Snorlax|228\/523 par
|-damage|p1a: Tyranisex|34\/403 psn|[from] psn|[of] p2a: Snorlax
|move|p2a: Snorlax|Return|p1a: Tyranisex
|-resisted|p1a: Tyranisex
|-damage|p1a: Tyranisex|0 fnt
|faint|p1a: Tyranisex
|L|Pandeth
|J|Galactik Red
|choice|switch 2|
|
|switch|p1a: Quagsex|Quagsire, M|393\/393 slp
|
|-heal|p2a: Snorlax|260\/523 par|[from] item: Leftovers
|upkeep
|turn|145
|choice|move bellydrum|move return
|
|-curestatus|p1a: Quagsex|slp|[msg]
|move|p1a: Quagsex|Belly Drum|p1a: Quagsex
|-damage|p1a: Quagsex|197\/393
|-setboost|p1a: Quagsex|atk|6|[from] move: Belly Drum
|cant|p2: Snorlax|par
|
|-heal|p1a: Quagsex|221\/393|[from] item: Leftovers
|-heal|p2a: Snorlax|292\/523 par|[from] item: Leftovers
|upkeep
|turn|146
|J|Saample Teams
|L|Mr. Haunted
|J|Luigi
|J|camilas
|L|Luigi
|choice|move earthquake|move protect
|
|cant|p2: Snorlax|par
|move|p1a: Quagsex|Earthquake|p2a: Snorlax
|-damage|p2a: Snorlax|0 fnt
|faint|p2a: Snorlax
|choice||switch 6
|
|switch|p2a: Umbreon|Umbreon, M|41\/393 par
|
|-heal|p1a: Quagsex|245\/393|[from] item: Leftovers
|-heal|p2a: Umbreon|65\/393 par|[from] item: Leftovers
|upkeep
|turn|147
|choice|move earthquake|move charm
|
|move|p1a: Quagsex|Earthquake|p2a: Umbreon
|-damage|p2a: Umbreon|0 fnt
|faint|p2a: Umbreon
|choice||switch 4
|
|switch|p2a: Raikou|Raikou|383\/383 slp
|
|-heal|p1a: Quagsex|269\/393|[from] item: Leftovers
|upkeep
|turn|148
|L|Guest 40179
|J|Staxi'
|choice|move earthquake|move reflect
|
|cant|p2: Raikou|slp
|move|p1a: Quagsex|Earthquake|p2a: Raikou
|-supereffective|p2a: Raikou
|-damage|p2a: Raikou|0 fnt
|faint|p2a: Raikou
|
|win|Mr.E
|player|p1
|player|p2
|L|TDK @ Super Rod
|L|Jayde
|L|ReshiRampage
|L|Love&Drugs
|L|demolition code
|L|Ciele
|L|falcons _zf
|L|Syl♥ie Lyyneheym
|L|Lacus Clyne
|L|Triangles RSE
|L|marcop9923
|L|Vai Lusa
|L|aqqq
|L|Coconate
|L|giara ★_★
|L|SAPIENTIA
|L|k3nan ☭
|L|hyogafodex
|L|Town Portal Scroll
|L|Rokhan
|L|fatalitatis
|L|clueless❤️
|L|THE PDC SHOW
|L|FINCHINATOR
|L|ABR
|L|Sacri'
|L|SamVGC ✿
|L|choolio iglesias
|L|your hand in mine
|L|Esteemed User
|L|Galactik Red
|L|Enki
|J|Rokhan
|L|Subject 18
|L|Biosci
|L|Vinc2612
|L|Rokhan
|L|luckstard
|L|Holiano
|L|camilas
|L|Peasounay
|L|tko
|L|dainty loli
|J|Ninja
|L|Lucas87
|L|Low Ladder Heroes
|J|Soruxt
|L|Ninja
|L|atomicllamas ☾
|L|Sabella*
|L|iamgingy
|J|Pandeth
|L|Acacia
|L|Ojama
|J|paper dreams
|L|paper dreams
|L|Mysterious M
|L|LUCK>SKILL
|L|Pearl
|J|Luigi
|L|sam-testings睡觉
|L|SparksBlade
|L|Soruxt
|L|miltankmilk
|L|Luigi
|L|Conflict
|L|iiioiii
|L|yuukafu
|L|joltage
|L|We Three Kings
|L|Prague Kick</script>
</div>
<div class="battle-log battle-log-inline"><div class="inner"><div class="battle-options"></div><div class="inner"><div class="chat message-error">Battle timer is ON: inactive players will automatically lose when time's up.</div><div class=""><small>Format:</small> <br><strong>[Gen 2] OU</strong></div><div class=""><small><em>Sleep Clause Mod:</em> Limit one foe put to sleep</small></div><div class=""><small><em>Species Clause:</em> Limit one of each Pokémon</small></div><div class=""><small><em>OHKO Clause:</em> OHKO moves are banned</small></div><div class=""><small><em>Evasion Moves Clause:</em> Evasion moves are banned</small></div><div class=""><small><em>HP Percentage Mod:</em> HP is shown in percentages</small></div><div class="spacer battle-history"><br></div><div class="battle-history">Battle started between Mr.E and giara ★_★!<br></div><div class="spacer battle-history"><br></div><div class="battle-history">Go! Sexdos (<strong>Zapdos</strong>)!<br></div><div class="spacer battle-history"><br></div><div class="battle-history">giara ★_★ sent out <strong>Raikou</strong>!<br></div><div class="spacer battle-history"><br></div><h2 class="battle-history">Turn 1</h2><div class="chat chatmessage-marcop9923"><strong style="color:#2ca964"><small>+</small><span class="username" data-name="marcop9923">marcop9923</span>:</strong> <em>spl?</em></div><div class="chat chatmessage-pearl"><strong style="color:#1da744"><small>%</small><span class="username" data-name="Pearl">Pearl</span>:</strong> <em>grocer.</em></div><div class="chat chatmessage-supermarshall"><strong style="color:#d42136"><small>+</small><span class="username" data-name="SUPER MARSHALL">SUPER MARSHALL</span>:</strong> <em>y</em></div><div class="chat chatmessage-giara"><strong style="color:#c43694"><small>★</small><span class="username" data-name="giara ★_★">giara ★_★</span>:</strong> <em>gl hf</em></div><div class="chat chatmessage-sweetposho"><strong style="color:#c14655"><small>+</small><span class="username" data-name="SweetPosho">SweetPosho</span>:</strong> <em>kuk</em></div><div class="chat chatmessage-sweetposho"><strong style="color:#c14655"><small>+</small><span class="username" data-name="SweetPosho">SweetPosho</span>:</strong> <em>sex.</em></div><div class="spacer battle-history"><br></div><div class="battle-history">The opposing Raikou used <strong>Reflect</strong>!<br></div><div class="battle-history"><small>Reflect made the opposing team stronger against physical moves!</small><br></div><div class="spacer battle-history"><br></div><div class="battle-history">Sexdos used <strong>Thunder Wave</strong>!<br></div><div class="battle-history"><small>The opposing Raikou is paralyzed! It may be unable to move!</small><br></div><div class="spacer battle-history"><br></div><h2 class="battle-history">Turn 2</h2><div class="chat chatmessage-finchinator"><strong style="color:#4754e6"><small>+</small><span class="username" data-name="FINCHINATOR">FINCHINATOR</span>:</strong> <em>-</em></div><div class="spacer battle-history"><br></div><div class="battle-history">Sexdos used <strong>Reflect</strong>!<br></div><div class="battle-history"><small>Reflect made your team stronger against physical moves!</small><br></div><div class="spacer battle-history"><br></div><div class="battle-history">The opposing Raikou is paralyzed! It can't move!<br></div><div class="spacer battle-history"><br></div><h2 class="battle-history">Turn 3</h2><div class="chat"><div class="broadcast-red"><b>Moderated chat was set to @!</b><br>Only users of rank @ and higher can talk.</div></div><div class="spacer battle-history"><br></div><div class="battle-history">Sexdos used <strong>Thunder Wave</strong>!<br></div><div class="battle-history"><small>The opposing Raikou is already paralyzed!</small><br></div><div class="spacer battle-history"><br></div><div class="battle-history">The opposing Raikou used <strong>Roar</strong>!<br></div><div class="spacer battle-history"><br></div><div class="battle-history">Quagsex (<strong>Quagsire</strong>) was dragged out!<br></div><div class="spacer battle-history"><br></div><h2 class="battle-history">Turn 4</h2><div class="spacer battle-history"><br></div><div class="battle-history">giara ★_★ withdrew Raikou!<br></div><div class="battle-history">giara ★_★ sent out <strong>Skarmory</strong>!<br></div><div class="spacer battle-history"><br></div><div class="battle-history">Quagsex used <strong>Earthquake</strong>!<br></div><div class="battle-history"><small>It doesn't affect the opposing Skarmory...</small><br></div><div class="spacer battle-history"><br></div><h2 class="battle-history">Turn 5</h2><div class="spacer battle-history"><br></div><div class="battle-history">Quagsex, come back!<br></div><div class="battle-history">Go! Sexdos (<strong>Zapdos</strong>)!<br></div><div class="spacer battle-history"><br></div><div class="battle-history">The opposing Skarmory used <strong>Toxic</strong>!<br></div><div class="battle-history"><small>Sexdos was badly poisoned!</small><br></div><div class="spacer battle-history"><br></div><div class="battle-history"><small>The opposing team's Reflect wore off!</small><br></div><div class="spacer battle-history"><br></div><h2 class="battle-history">Turn 6</h2><div class="spacer battle-history"><br></div><div class="battle-history">Sexdos, come back!<br></div><div class="battle-history">Go! uber (<strong>Snorlax</strong>)!<br></div><div class="spacer battle-history"><br></div><div class="battle-history">giara ★_★ withdrew Skarmory!<br></div><div class="battle-history">giara ★_★ sent out <strong>Raikou</strong>!<br></div><div class="spacer battle-history"><br></div><div class="battle-history"><small>Your team's Reflect wore off!</small><br></div><div class="spacer battle-history"><br></div><h2 class="battle-history">Turn 7</h2><div class="spacer battle-history"><br></div><div class="battle-history">giara ★_★ withdrew Raikou!<br></div><div class="battle-history">giara ★_★ sent out <strong>Forretress</strong>!<br></div><div class="spacer battle-history"><br></div><div class="battle-history">uber used <strong>Curse</strong>!<br></div><div class="battle-history"><small>uber's Speed fell!</small><br></div><div class="battle-history"><small>uber's Attack rose!</small><br></div><div class="battle-history"><small>uber's Defense rose!</small><br></div><div class="spacer battle-history"><br></div><h2 class="battle-history">Turn 8</h2><div class="spacer battle-history"><br></div><div class="battle-history">The opposing Forretress used <strong>Spikes</strong>!<br></div><div class="battle-history"><small>Spikes were scattered on the ground all around your team!</small><br></div><div class="spacer battle-history"><br></div><div class="battle-history">uber used <strong>Fire Blast</strong>!<br></div><div class="battle-history"><small>A critical hit!</small><br></div><div class="battle-history"><small>It's super effective!</small><br></div><div class="battle-history"><small>(The opposing Forretress lost <abbr title="−353/353">100%</abbr> of its health!)</small><br></div><div class="spacer battle-history"><br></div><div class="battle-history">The opposing Forretress fainted!<br></div><div class="spacer battle-history"><br></div><div class="battle-history">giara ★_★ sent out <strong>Umbreon</strong>!<br></div><div class="spacer battle-history"><br></div><h2 class="battle-history">Turn 9</h2><div class="spacer battle-history"><br></div><div class="battle-history">The opposing Umbreon used <strong>Charm</strong>!<br></div><div class="battle-history"><small>uber's Attack fell harshly!</small><br></div><div class="spacer battle-history"><br></div><div class="battle-history">uber used <strong>Body Slam</strong>!<br></div><div class="battle-history"><small>(The opposing Umbreon lost <abbr title="−62/393">15.8%</abbr> of its health!)</small><br></div><div class="spacer battle-history"><br></div><div class="battle-history"><small>The opposing Umbreon restored a little HP using its Leftovers!</small><br></div><div class="spacer battle-history"><br></div><h2 class="battle-history">Turn 10</h2><div class="spacer battle-history"><br></div><div class="battle-history"><small>(uber is being withdrawn...)</small><br></div><div class="spacer battle-history"><br></div><div class="battle-history">The opposing Umbreon used <strong>Pursuit</strong>!<br></div><div class="battle-history"><small>(uber lost <abbr title="−68/499">13.6%</abbr> of its health!)</small><br></div><div class="spacer battle-history"><br></div><div class="battle-history">uber, come back!<br></div><div class="battle-history">Go! Sexdos (<strong>Zapdos</strong>)!<br></div><div class="battle-history"><small>Sexdos was poisoned!</small><br></div><div class="battle-history"><small>Sexdos was hurt by poison!</small><br></div><div class="spacer battle-history"><br></div><div class="battle-history"><small>Sexdos restored a little HP using its Leftovers!</small><br></div><div class="battle-history"><small>The opposing Umbreon restored a little HP using its Leftovers!</small><br></div><div class="spacer battle-history"><br></div><h2 class="battle-history">Turn 11</h2><div class="spacer battle-history"><br></div><div class="battle-history">giara ★_★ withdrew Umbreon!<br></div><div class="battle-history">giara ★_★ sent out <strong>Raikou</strong>!<br></div><div class="spacer battle-history"><br></div><div class="battle-history">Sexdos used <strong>Reflect</strong>!<br></div><div class="battle-history"><small>Reflect made your team stronger against physical moves!</small><br></div><div class="battle-history"><small>Sexdos was hurt by poison!</small><br></div><div class="spacer battle-history"><br></div><div class="battle-history"><small>Sexdos restored a little HP using its Leftovers!</small><br></div><div class="spacer battle-history"><br></div><h2 class="battle-history">Turn 12</h2><div class="spacer battle-history"><br></div><div class="battle-history">Sexdos, come back!<br></div><div class="battle-history">Go! Quagsex (<strong>Quagsire</strong>)!<br></div><div class="battle-history"><small>Quagsex was hurt by the spikes!</small><br></div><div class="spacer battle-history"><br></div><div class="battle-history">The opposing Raikou used <strong>Roar</strong>!<br></div><div class="spacer battle-history"><br></div><div class="battle-history">Sextank (<strong>Miltank</strong>) was dragged out!<br></div><div class="battle-history"><small>Sextank was hurt by the spikes!</small><br></div><div class="spacer battle-history"><br></div><div class="battle-history"><small>Sextank restored a little HP using its Leftovers!</small><br></div><div class="spacer battle-history"><br></div><h2 class="battle-history">Turn 13</h2><div class="spacer battle-history"><br></div><div class="battle-history">Sextank used <strong>Body Slam</strong>!<br></div><div class="battle-history"><small>(The opposing Raikou lost <abbr title="−105/383">27.4%</abbr> of its health!)</small><br></div><div class="spacer battle-history"><br></div><div class="battle-history">The opposing Raikou is paralyzed! It can't move!<br></div><div class="spacer battle-history"><br></div><div class="battle-history"><small>Sextank restored a little HP using its Leftovers!</small><br></div><div class="battle-history"><small>The opposing Raikou restored a little HP using its Leftovers!</small><br></div><div class="spacer battle-history"><br></div><h2 class="battle-history">Turn 14</h2><div class="spacer battle-history"><br></div><div class="battle-history">giara ★_★ withdrew Raikou!<br></div><div class="battle-history">giara ★_★ sent out <strong>Skarmory</strong>!<br></div><div class="spacer battle-history"><br></div><div class="battle-history">Sextank used <strong>Body Slam</strong>!<br></div><div class="battle-history"><small>It's not very effective...</small><br></div><div class="battle-history"><small>(The opposing Skarmory lost <abbr title="−32/333">9.6%</abbr> of its health!)</small><br></div><div class="spacer battle-history"><br></div><div class="battle-history"><small>Sextank restored a little HP using its Leftovers!</small><br></div><div class="battle-history"><small>The opposing Skarmory restored a little HP using its Leftovers!</small><br></div><div class="spacer battle-history"><br></div><h2 class="battle-history">Turn 15</h2><div class="spacer battle-history"><br></div><div class="battle-history">Sextank used <strong>Body Slam</strong>!<br></div><div class="battle-history"><small>It's not very effective...</small><br></div><div class="battle-history"><small>(The opposing Skarmory lost <abbr title="−36/333">10.8%</abbr> of its health!)</small><br></div><div class="spacer battle-history"><br></div><div class="battle-history">The opposing Skarmory used <strong>Whirlwind</strong>!<br></div><div class="spacer battle-history"><br></div><div class="battle-history">uber (<strong>Snorlax</strong>) was dragged out!<br></div><div class="battle-history"><small>uber was hurt by the spikes!</small><br></div><div class="spacer battle-history"><br></div><div class="battle-history"><small>The opposing Skarmory restored a little HP using its Leftovers!</small><br></div><div class="battle-history"><small>uber restored a little HP using its Leftovers!</small><br></div><div class="battle-history"><small>Your team's Reflect wore off!</small><br></div><div class="spacer battle-history"><br></div><h2 class="battle-history">Turn 16</h2><div class="spacer battle-history"><br></div><div class="battle-history">giara ★_★ withdrew Skarmory!<br></div><div class="battle-history">giara ★_★ sent out <strong>Umbreon</strong>!<br></div><div class="spacer battle-history"><br></div><div class="battle-history">uber used <strong>Body Slam</strong>!<br></div><div class="battle-history"><small>(The opposing Umbreon lost <abbr title="−93/393">23.7%</abbr> of its health!)</small><br></div><div class="spacer battle-history"><br></div><div class="battle-history"><small>The opposing Umbreon restored a little HP using its Leftovers!</small><br></div><div class="battle-history"><small>uber restored a little HP using its Leftovers!</small><br></div><div class="spacer battle-history"><br></div><h2 class="battle-history">Turn 17</h2><div class="spacer battle-history"><br></div><div class="battle-history">The opposing Umbreon used <strong>Charm</strong>!<br></div><div class="battle-history"><small>uber's Attack fell harshly!</small><br></div><div class="spacer battle-history"><br></div><div class="battle-history">uber used <strong>Body Slam</strong>!<br></div><div class="battle-history"><small>(The opposing Umbreon lost <abbr title="−47/393">12.0%</abbr> of its health!)</small><br></div><div class="spacer battle-history"><br></div><div class="battle-history"><small>The opposing Umbreon restored a little HP using its Leftovers!</small><br></div><div class="battle-history"><small>uber restored a little HP using its Leftovers!</small><br></div><div class="spacer battle-history"><br></div><h2 class="battle-history">Turn 18</h2><div class="spacer battle-history"><br></div><div class="battle-history">The opposing Umbreon used <strong>Toxic</strong>!<br></div><div class="battle-history"><small>uber was badly poisoned!</small><br></div><div class="spacer battle-history"><br></div><div class="battle-history">uber used <strong>Body Slam</strong>!<br></div><div class="battle-history"><small>(The opposing Umbreon lost <abbr title="−53/393">13.5%</abbr> of its health!)</small><br></div><div class="battle-history"><small>uber was hurt by poison!</small><br></div><div class="spacer battle-history"><br></div><div class="battle-history"><small>The opposing Umbreon restored a little HP using its Leftovers!</small><br></div><div class="battle-history"><small>uber restored a little HP using its Leftovers!</small><br></div><div class="spacer battle-history"><br></div><h2 class="battle-history">Turn 19</h2><div class="spacer battle-history"><br></div><div class="battle-history">uber, come back!<br></div><div class="battle-history">Go! Sextank (<strong>Miltank</strong>)!<br></div><div class="battle-history"><small>Sextank was hurt by the spikes!</small><br></div><div class="spacer battle-history"><br></div><div class="battle-history">The opposing Umbreon used <strong>Moonlight</strong>!<br></div><div class="battle-history"><small>The opposing Umbreon had its HP restored.</small><br></div><div class="spacer battle-history"><br></div><div class="battle-history"><small>Sextank restored a little HP using its Leftovers!</small><br></div><div class="spacer battle-history"><br></div><h2 class="battle-history">Turn 20</h2><div class="spacer battle-history"><br></div><div class="battle-history">giara ★_★ withdrew Umbreon!<br></div><div class="battle-history">giara ★_★ sent out <strong>Skarmory</strong>!<br></div><div class="spacer battle-history"><br></div><div class="battle-history">Sextank used <strong>Body Slam</strong>!<br></div><div class="battle-history"><small>It's not very effective...</small><br></div><div class="battle-history"><small>(The opposing Skarmory lost <abbr title="−34/333">10.2%</abbr> of its health!)</small><br></div><div class="battle-history"><small>The opposing Skarmory is paralyzed! It may be unable to move!</small><br></div><div class="spacer battle-history"><br></div><div class="battle-history"><small>Sextank restored a little HP using its Leftovers!</small><br></div><div class="battle-history"><small>The opposing Skarmory restored a little HP using its Leftovers!</small><br></div><div class="spacer battle-history"><br></div><h2 class="battle-history">Turn 21</h2><div class="spacer battle-history"><br></div><div class="battle-history">Sextank, come back!<br></div><div class="battle-history">Go! Sexmie (<strong>Starmie</strong>)!<br></div><div class="battle-history"><small>Sexmie was hurt by the spikes!</small><br></div><div class="spacer battle-history"><br></div><div class="battle-history">The opposing Skarmory used <strong>Whirlwind</strong>!<br></div><div class="spacer battle-history"><br></div><div class="battle-history">Quagsex (<strong>Quagsire</strong>) was dragged out!<br></div><div class="battle-history"><small>Quagsex was hurt by the spikes!</small><br></div><div class="spacer battle-history"><br></div><div class="battle-history"><small>Quagsex restored a little HP using its Leftovers!</small><br></div><div class="battle-history"><small>The opposing Skarmory restored a little HP using its Leftovers!</small><br></div><div class="spacer battle-history"><br></div><h2 class="battle-history">Turn 22</h2><div class="spacer battle-history"><br></div><div class="battle-history">Quagsex, come back!<br></div><div class="battle-history">Go! Sexmie (<strong>Starmie</strong>)!<br></div><div class="battle-history"><small>Sexmie was hurt by the spikes!</small><br></div><div class="spacer battle-history"><br></div><div class="battle-history">The opposing Skarmory used <strong>Whirlwind</strong>!<br></div><div class="spacer battle-history"><br></div><div class="battle-history">Sextank (<strong>Miltank</strong>) was dragged out!<br></div><div class="battle-history"><small>Sextank was hurt by the spikes!</small><br></div><div class="spacer battle-history"><br></div><div class="battle-history"><small>Sextank restored a little HP using its Leftovers!</small><br></div><div class="battle-history"><small>The opposing Skarmory restored a little HP using its Leftovers!</small><br></div><div class="spacer battle-history"><br></div><h2 class="battle-history">Turn 23</h2><div class="spacer battle-history"><br></div><div class="battle-history">Sextank used <strong>Growl</strong>!<br></div><div class="battle-history"><small>The opposing Skarmory's Attack fell!</small><br></div><div class="spacer battle-history"><br></div><div class="battle-history">The opposing Skarmory is paralyzed! It can't move!<br></div><div class="spacer battle-history"><br></div><div class="battle-history"><small>Sextank restored a little HP using its Leftovers!</small><br></div><div class="battle-history"><small>The opposing Skarmory restored a little HP using its Leftovers!</small><br></div><div class="spacer battle-history"><br></div><h2 class="battle-history">Turn 24</h2><div class="spacer battle-history"><br></div><div class="battle-history">Sextank, come back!<br></div><div class="battle-history">Go! Sexdos (<strong>Zapdos</strong>)!<br></div><div class="battle-history"><small>Sexdos was hurt by poison!</small><br></div><div class="spacer battle-history"><br></div><div class="battle-history">The opposing Skarmory used <strong>Whirlwind</strong>!<br></div><div class="spacer battle-history"><br></div><div class="battle-history">uber (<strong>Snorlax</strong>) was dragged out!<br></div><div class="battle-history"><small>uber was poisoned!</small><br></div><div class="battle-history"><small>uber was hurt by the spikes!</small><br></div><div class="spacer battle-history"><br></div><div class="battle-history"><small>uber restored a little HP using its Leftovers!</small><br></div><div class="spacer battle-history"><br></div><h2 class="battle-history">Turn 25</h2><div class="spacer battle-history"><br></div><div class="battle-history">giara ★_★ withdrew Skarmory!<br></div><div class="battle-history">giara ★_★ sent out <strong>Umbreon</strong>!<br></div><div class="spacer battle-history"><br></div><div class="battle-history">uber used <strong>Fire Blast</strong>!<br></div><div class="battle-history"><small>(The opposing Umbreon lost <abbr title="−63/393">16.0%</abbr> of its health!)</small><br></div><div class="battle-history"><small>uber was hurt by poison!</small><br></div><div class="spacer battle-history"><br></div><div class="battle-history"><small>The opposing Umbreon restored a little HP using its Leftovers!</small><br></div><div class="battle-history"><small>uber restored a little HP using its Leftovers!</small><br></div><div class="spacer battle-history"><br></div><h2 class="battle-history">Turn 26</h2><div class="spacer battle-history"><br></div><div class="battle-history">The opposing Umbreon used <strong>Charm</strong>!<br></div><div class="battle-history"><small>uber's Attack fell harshly!</small><br></div><div class="spacer battle-history"><br></div><div class="battle-history">uber used <strong>Body Slam</strong>!<br></div><div class="battle-history"><small>(The opposing Umbreon lost <abbr title="−54/393">13.7%</abbr> of its health!)</small><br></div><div class="battle-history"><small>uber was hurt by poison!</small><br></div><div class="spacer battle-history"><br></div><div class="battle-history"><small>The opposing Umbreon restored a little HP using its Leftovers!</small><br></div><div class="battle-history"><small>uber restored a little HP using its Leftovers!</small><br></div><div class="spacer battle-history"><br></div><h2 class="battle-history">Turn 27</h2><div class="spacer battle-history"><br></div><div class="battle-history">giara ★_★ withdrew Umbreon!<br></div><div class="battle-history">giara ★_★ sent out <strong>Raikou</strong>!<br></div><div class="spacer battle-history"><br></div><div class="battle-history">uber used <strong>Rest</strong>!<br></div><div class="battle-history"><small>uber fell asleep!</small><br></div><div class="battle-history"><small>uber slept and became healthy!</small><br></div><div class="spacer battle-history"><br></div><div class="battle-history"><small>The opposing Raikou restored a little HP using its Leftovers!</small><br></div><div class="spacer battle-history"><br></div><h2 class="battle-history">Turn 28</h2><div class="spacer battle-history"><br></div><div class="battle-history">uber is fast asleep.<br></div><div class="spacer battle-history"><br></div><div class="battle-history">The opposing Raikou used <strong>Roar</strong>!<br></div><div class="spacer battle-history"><br></div><div class="battle-history">Sexmie (<strong>Starmie</strong>) was dragged out!<br></div><div class="battle-history"><small>Sexmie was hurt by the spikes!</small><br></div><div class="spacer battle-history"><br></div><div class="battle-history"><small>Sexmie restored a little HP using its Leftovers!</small><br></div><div class="battle-history"><small>The opposing Raikou restored a little HP using its Leftovers!</small><br></div><div class="spacer battle-history"><br></div><h2 class="battle-history">Turn 29</h2><div class="spacer battle-history"><br></div><div class="battle-history">Sexmie used <strong>Rapid Spin</strong>!<br></div><div class="battle-history"><small>(The opposing Raikou lost <abbr title="−17/383">4.4%</abbr> of its health!)</small><br></div><div class="battle-history"><small>The spikes disappeared from the ground around your team!</small><br></div><div class="spacer battle-history"><br></div><div class="battle-history">The opposing Raikou is paralyzed! It can't move!<br></div><div class="spacer battle-history"><br></div><div class="battle-history"><small>Sexmie restored a little HP using its Leftovers!</small><br></div><div class="battle-history"><small>The opposing Raikou restored a little HP using its Leftovers!</small><br></div><div class="spacer battle-history"><br></div><h2 class="battle-history">Turn 30</h2><div class="spacer battle-history"><br></div><div class="battle-history">Sexmie, come back!<br></div><div class="battle-history">Go! Quagsex (<strong>Quagsire</strong>)!<br></div><div class="spacer battle-history"><br></div><div class="battle-history">The opposing Raikou used <strong>Reflect</strong>!<br></div><div class="battle-history"><small>Reflect made the opposing team stronger against physical moves!</small><br></div><div class="spacer battle-history"><br></div><div class="battle-history"><small>Quagsex restored a little HP using its Leftovers!</small><br></div><div class="battle-history"><small>The opposing Raikou restored a little HP using its Leftovers!</small><br></div><div class="spacer battle-history"><br></div><h2 class="battle-history">Turn 31</h2><div class="spacer battle-history"><br></div><div class="battle-history">Quagsex, come back!<br></div><div class="battle-history">Go! Sexdos (<strong>Zapdos</strong>)!<br></div><div class="battle-history"><small>Sexdos was hurt by poison!</small><br></div><div class="spacer battle-history"><br></div><div class="battle-history">giara ★_★ withdrew Raikou!<br></div><div class="battle-history">giara ★_★ sent out <strong>Skarmory</strong>!<br></div><div class="spacer battle-history"><br></div><div class="battle-history"><small>Sexdos restored a little HP using its Leftovers!</small><br></div><div class="spacer battle-history"><br></div><h2 class="battle-history">Turn 32</h2><div class="spacer battle-history"><br></div><div class="battle-history">giara ★_★ withdrew Skarmory!<br></div><div class="battle-history">giara ★_★ sent out <strong>Raikou</strong>!<br></div><div class="spacer battle-history"><br></div><div class="battle-history">Sexdos used <strong>Rest</strong>!<br></div><div class="battle-history"><small>Sexdos fell asleep!</small><br></div><div class="battle-history"><small>Sexdos slept and became healthy!</small><br></div><div class="spacer battle-history"><br></div><div class="battle-history"><small>The opposing Raikou restored a little HP using its Leftovers!</small><br></div><div class="spacer battle-history"><br></div><h2 class="battle-history">Turn 33</h2><div class="spacer battle-history"><br></div><div class="battle-history">Sexdos, come back!<br></div><div class="battle-history">Go! Sextank (<strong>Miltank</strong>)!<br></div><div class="spacer battle-history"><br></div><div class="battle-history">The opposing Raikou is paralyzed! It can't move!<br></div><div class="spacer battle-history"><br></div><div class="battle-history"><small>Sextank restored a little HP using its Leftovers!</small><br></div><div class="spacer battle-history"><br></div><h2 class="battle-history">Turn 34</h2><div class="spacer battle-history"><br></div><div class="battle-history">giara ★_★ withdrew Raikou!<br></div><div class="battle-history">giara ★_★ sent out <strong>Skarmory</strong>!<br></div><div class="spacer battle-history"><br></div><div class="battle-history">Sextank used <strong>Heal Bell</strong>!<br></div><div class="battle-history"><small>A bell chimed!</small><br></div><div class="spacer battle-history"><br></div><div class="battle-history"><small>The opposing team's Reflect wore off!</small><br></div><div class="spacer battle-history"><br></div><h2 class="battle-history">Turn 35</h2><div class="spacer battle-history"><br></div><div class="battle-history">Sextank, come back!<br></div><div class="battle-history">Go! Sexdos (<strong>Zapdos</strong>)!<br></div><div class="spacer battle-history"><br></div><div class="battle-history">The opposing Skarmory used <strong>Toxic</strong>!<br></div><div class="battle-history"><small>Sexdos was badly poisoned!</small><br></div><div class="spacer battle-history"><br></div><h2 class="battle-history">Turn 36</h2><div class="spacer battle-history"><br></div><div class="battle-history">Sexdos, come back!<br></div><div class="battle-history">Go! uber (<strong>Snorlax</strong>)!<br></div><div class="spacer battle-history"><br></div><div class="battle-history">giara ★_★ withdrew Skarmory!<br></div><div class="battle-history">giara ★_★ sent out <strong>Raikou</strong>!<br></div><div class="spacer battle-history"><br></div><h2 class="battle-history">Turn 37</h2><div class="spacer battle-history"><br></div><div class="battle-history">uber used <strong>Curse</strong>!<br></div><div class="battle-history"><small>uber's Speed fell!</small><br></div><div class="battle-history"><small>uber's Attack rose!</small><br></div><div class="battle-history"><small>uber's Defense rose!</small><br></div><div class="spacer battle-history"><br></div><div class="battle-history">The opposing Raikou used <strong>Reflect</strong>!<br></div><div class="battle-history"><small>Reflect made the opposing team stronger against physical moves!</small><br></div><div class="spacer battle-history"><br></div><h2 class="battle-history">Turn 38</h2><div class="spacer battle-history"><br></div><div class="battle-history">uber used <strong>Body Slam</strong>!<br></div><div class="battle-history"><small>(The opposing Raikou lost <abbr title="−96/383">25.1%</abbr> of its health!)</small><br></div><div class="spacer battle-history"><br></div><div class="battle-history">The opposing Raikou used <strong>Roar</strong>!<br></div><div class="spacer battle-history"><br></div><div class="battle-history">Sexmie (<strong>Starmie</strong>) was dragged out!<br></div><div class="spacer battle-history"><br></div><div class="battle-history"><small>Sexmie restored a little HP using its Leftovers!</small><br></div><div class="battle-history"><small>The opposing Raikou restored a little HP using its Leftovers!</small><br></div><div class="spacer battle-history"><br></div><h2 class="battle-history">Turn 39</h2><div class="spacer battle-history"><br></div><div class="battle-history">Sexmie, come back!<br></div><div class="battle-history">Go! Quagsex (<strong>Quagsire</strong>)!<br></div><div class="spacer battle-history"><br></div><div class="battle-history">The opposing Raikou used <strong>Roar</strong>!<br></div><div class="spacer battle-history"><br></div><div class="battle-history">uber (<strong>Snorlax</strong>) was dragged out!<br></div><div class="spacer battle-history"><br></div><div class="battle-history"><small>The opposing Raikou restored a little HP using its Leftovers!</small><br></div><div class="spacer battle-history"><br></div><h2 class="battle-history">Turn 40</h2><div class="spacer battle-history"><br></div><div class="battle-history">giara ★_★ withdrew Raikou!<br></div><div class="battle-history">giara ★_★ sent out <strong>Umbreon</strong>!<br></div><div class="spacer battle-history"><br></div><div class="battle-history">uber used <strong>Curse</strong>!<br></div><div class="battle-history"><small>uber's Speed fell!</small><br></div><div class="battle-history"><small>uber's Attack rose!</small><br></div><div class="battle-history"><small>uber's Defense rose!</small><br></div><div class="spacer battle-history"><br></div><div class="battle-history"><small>The opposing Umbreon restored a little HP using its Leftovers!</small><br></div><div class="spacer battle-history"><br></div><h2 class="battle-history">Turn 41</h2><div class="spacer battle-history"><br></div><div class="battle-history">The opposing Umbreon used <strong>Charm</strong>!<br></div><div class="battle-history"><small>uber's Attack fell harshly!</small><br></div><div class="spacer battle-history"><br></div><div class="battle-history">uber used <strong>Body Slam</strong>!<br></div><div class="battle-history"><small>A critical hit!</small><br></div><div class="battle-history"><small>(The opposing Umbreon lost <abbr title="−182/393">46.3%</abbr> of its health!)</small><br></div><div class="spacer battle-history"><br></div><div class="battle-history"><small>The opposing Umbreon restored a little HP using its Leftovers!</small><br></div><div class="battle-history"><small>The opposing team's Reflect wore off!</small><br></div><div class="spacer battle-history"><br></div><h2 class="battle-history">Turn 42</h2><div class="spacer battle-history"><br></div><div class="battle-history">The opposing Umbreon used <strong>Moonlight</strong>!<br></div><div class="battle-history"><small>The opposing Umbreon had its HP restored.</small><br></div><div class="spacer battle-history"><br></div><div class="battle-history">uber used <strong>Body Slam</strong>!<br></div><div class="battle-history"><small>(The opposing Umbreon lost <abbr title="−63/393">16.0%</abbr> of its health!)</small><br></div><div class="battle-history"><small>The opposing Umbreon is paralyzed! It may be unable to move!</small><br></div><div class="spacer battle-history"><br></div><div class="battle-history"><small>The opposing Umbreon restored a little HP using its Leftovers!</small><br></div><div class="spacer battle-history"><br></div><h2 class="battle-history">Turn 43</h2><div class="spacer battle-history"><br></div><div class="battle-history">uber, come back!<br></div><div class="battle-history">Go! Sexdos (<strong>Zapdos</strong>)!<br></div><div class="battle-history"><small>Sexdos was poisoned!</small><br></div><div class="battle-history"><small>Sexdos was hurt by poison!</small><br></div><div class="spacer battle-history"><br></div><div class="battle-history">The opposing Umbreon is paralyzed! It can't move!<br></div><div class="spacer battle-history"><br></div><div class="battle-history"><small>Sexdos restored a little HP using its Leftovers!</small><br></div><div class="battle-history"><small>The opposing Umbreon restored a little HP using its Leftovers!</small><br></div><div class="spacer battle-history"><br></div><h2 class="battle-history">Turn 44</h2><div class="spacer battle-history"><br></div><div class="battle-history">Sexdos, come back!<br></div><div class="battle-history">Go! Quagsex (<strong>Quagsire</strong>)!<br></div><div class="spacer battle-history"><br></div><div class="battle-history">giara ★_★ withdrew Umbreon!<br></div><div class="battle-history">giara ★_★ sent out <strong>Raikou</strong>!<br></div><div class="spacer battle-history"><br></div><div class="battle-history"><small>Quagsex restored a little HP using its Leftovers!</small><br></div><div class="battle-history"><small>The opposing Raikou restored a little HP using its Leftovers!</small><br></div><div class="spacer battle-history"><br></div><h2 class="battle-history">Turn 45</h2><div class="spacer battle-history"><br></div><div class="battle-history">giara ★_★ withdrew Raikou!<br></div><div class="battle-history">giara ★_★ sent out <strong>Skarmory</strong>!<br></div><div class="spacer battle-history"><br></div><div class="battle-history">Quagsex used <strong>Belly Drum</strong>!<br></div><div class="battle-history"><small>(Quagsex lost <abbr title="−196/393">49.9%</abbr> of its health!)</small><br></div><div class="battle-history"><small>Quagsex cut its own HP and maximized its Attack!</small><br></div><div class="spacer battle-history"><br></div><div class="battle-history"><small>Quagsex restored a little HP using its Leftovers!</small><br></div><div class="spacer battle-history"><br></div><h2 class="battle-history">Turn 46</h2><div class="spacer battle-history"><br></div><div class="battle-history">Quagsex used <strong>Hidden Power</strong>!<br></div><div class="battle-history"><small>(The opposing Skarmory lost <abbr title="−136/333">40.8%</abbr> of its health!)</small><br></div><div class="spacer battle-history"><br></div><div class="battle-history">The opposing Skarmory used <strong>Whirlwind</strong>!<br></div><div class="spacer battle-history"><br></div><div class="battle-history">uber (<strong>Snorlax</strong>) was dragged out!<br></div><div class="spacer battle-history"><br></div><div class="battle-history"><small>The opposing Skarmory restored a little HP using its Leftovers!</small><br></div><div class="spacer battle-history"><br></div><h2 class="battle-history">Turn 47</h2><div class="spacer battle-history"><br></div><div class="battle-history">uber, come back!<br></div><div class="battle-history">Go! Quagsex (<strong>Quagsire</strong>)!<br></div><div class="spacer battle-history"><br></div><div class="battle-history">The opposing Skarmory used <strong>Toxic</strong>!<br></div><div class="battle-history"><small>Quagsex avoided the attack!</small><br></div><div class="spacer battle-history"><br></div><div class="battle-history"><small>Quagsex restored a little HP using its Leftovers!</small><br></div><div class="battle-history"><small>The opposing Skarmory restored a little HP using its Leftovers!</small><br></div><div class="spacer battle-history"><br></div><h2 class="battle-history">Turn 48</h2><div class="spacer battle-history"><br></div><div class="battle-history">Quagsex used <strong>Rest</strong>!<br></div><div class="battle-history"><small>Quagsex fell asleep!</small><br></div><div class="battle-history"><small>Quagsex slept and became healthy!</small><br></div><div class="spacer battle-history"><br></div><div class="battle-history">The opposing Skarmory used <strong>Toxic</strong>!<br></div><div class="battle-history"><small>But it failed!</small><br></div><div class="spacer battle-history"><br></div><div class="battle-history"><small>The opposing Skarmory restored a little HP using its Leftovers!</small><br></div><div class="spacer battle-history"><br></div><h2 class="battle-history">Turn 49</h2><div class="spacer battle-history"><br></div><div class="battle-history">Quagsex is fast asleep.<br></div><div class="spacer battle-history"><br></div><div class="battle-history">The opposing Skarmory used <strong>Whirlwind</strong>!<br></div><div class="spacer battle-history"><br></div><div class="battle-history">Tyranisex (<strong>Tyranitar</strong>) was dragged out!<br></div><div class="spacer battle-history"><br></div><div class="battle-history"><small>The opposing Skarmory restored a little HP using its Leftovers!</small><br></div><div class="spacer battle-history"><br></div><h2 class="battle-history">Turn 50</h2><div class="spacer battle-history"><br></div><div class="battle-history">giara ★_★ withdrew Skarmory!<br></div><div class="battle-history">giara ★_★ sent out <strong>Umbreon</strong>!<br></div><div class="spacer battle-history"><br></div><div class="battle-history">Tyranisex used <strong>Rock Slide</strong>!<br></div><div class="battle-history"><small>(The opposing Umbreon lost <abbr title="−102/393">26.0%</abbr> of its health!)</small><br></div><div class="spacer battle-history"><br></div><div class="battle-history"><small>The opposing Umbreon restored a little HP using its Leftovers!</small><br></div><div class="spacer battle-history"><br></div><h2 class="battle-history">Turn 51</h2><div class="spacer battle-history"><br></div><div class="battle-history">Tyranisex used <strong>Rock Slide</strong>!<br></div><div class="battle-history"><small>(The opposing Umbreon lost <abbr title="−107/393">27.2%</abbr> of its health!)</small><br></div><div class="spacer battle-history"><br></div><div class="battle-history">The opposing Umbreon used <strong>Toxic</strong>!<br></div><div class="battle-history"><small>Tyranisex was badly poisoned!</small><br></div><div class="spacer battle-history"><br></div><div class="battle-history"><small>The opposing Umbreon restored a little HP using its Leftovers!</small><br></div><div class="spacer battle-history"><br></div><h2 class="battle-history">Turn 52</h2><div class="spacer battle-history"><br></div><div class="battle-history">Tyranisex, come back!<br></div><div class="battle-history">Go! Quagsex (<strong>Quagsire</strong>)!<br></div><div class="spacer battle-history"><br></div><div class="battle-history">The opposing Umbreon used <strong>Moonlight</strong>!<br></div><div class="battle-history"><small>The opposing Umbreon had its HP restored.</small><br></div><div class="spacer battle-history"><br></div><h2 class="battle-history">Turn 53</h2><div class="spacer battle-history"><br></div><div class="battle-history">giara ★_★ withdrew Umbreon!<br></div><div class="battle-history">giara ★_★ sent out <strong>Skarmory</strong>!<br></div><div class="spacer battle-history"><br></div><div class="battle-history">Quagsex is fast asleep.<br></div><div class="spacer battle-history"><br></div><div class="battle-history"><small>The opposing Skarmory restored a little HP using its Leftovers!</small><br></div><div class="spacer battle-history"><br></div><h2 class="battle-history">Turn 54</h2><div class="spacer battle-history"><br></div><div class="battle-history">Quagsex, come back!<br></div><div class="battle-history">Go! Sexdos (<strong>Zapdos</strong>)!<br></div><div class="battle-history"><small>Sexdos was hurt by poison!</small><br></div><div class="spacer battle-history"><br></div><div class="battle-history">The opposing Skarmory used <strong>Toxic</strong>!<br></div><div class="battle-history"><small>But it failed!</small><br></div><div class="spacer battle-history"><br></div><div class="battle-history"><small>Sexdos restored a little HP using its Leftovers!</small><br></div><div class="battle-history"><small>The opposing Skarmory restored a little HP using its Leftovers!</small><br></div><div class="spacer battle-history"><br></div><h2 class="battle-history">Turn 55</h2><div class="spacer battle-history"><br></div><div class="battle-history">Sexdos, come back!<br></div><div class="battle-history">Go! Quagsex (<strong>Quagsire</strong>)!<br></div><div class="spacer battle-history"><br></div><div class="battle-history">giara ★_★ withdrew Skarmory!<br></div><div class="battle-history">giara ★_★ sent out <strong>Raikou</strong>!<br></div><div class="spacer battle-history"><br></div><div class="battle-history"><small>The opposing Raikou restored a little HP using its Leftovers!</small><br></div><div class="spacer battle-history"><br></div><h2 class="battle-history">Turn 56</h2><div class="spacer battle-history"><br></div><div class="battle-history">giara ★_★ withdrew Raikou!<br></div><div class="battle-history">giara ★_★ sent out <strong>Skarmory</strong>!<br></div><div class="battle-history"><small>Quagsex woke up!</small><br></div><div class="spacer battle-history"><br></div><div class="battle-history">Quagsex used <strong>Earthquake</strong>!<br></div><div class="battle-history"><small>It doesn't affect the opposing Skarmory...</small><br></div><div class="spacer battle-history"><br></div><div class="battle-history"><small>The opposing Skarmory restored a little HP using its Leftovers!</small><br></div><div class="spacer battle-history"><br></div><h2 class="battle-history">Turn 57</h2><div class="spacer battle-history"><br></div><div class="battle-history">Quagsex, come back!<br></div><div class="battle-history">Go! Sexdos (<strong>Zapdos</strong>)!<br></div><div class="battle-history"><small>Sexdos was hurt by poison!</small><br></div><div class="spacer battle-history"><br></div><div class="battle-history">The opposing Skarmory used <strong>Whirlwind</strong>!<br></div><div class="spacer battle-history"><br></div><div class="battle-history">uber (<strong>Snorlax</strong>) was dragged out!<br></div><div class="spacer battle-history"><br></div><h2 class="battle-history">Turn 58</h2><div class="spacer battle-history"><br></div><div class="battle-history">uber used <strong>Fire Blast</strong>!<br></div><div class="battle-history"><small>The opposing Skarmory avoided the attack!</small><br></div><div class="spacer battle-history"><br></div><div class="battle-history">The opposing Skarmory used <strong>Toxic</strong>!<br></div><div class="battle-history"><small>uber was badly poisoned!</small><br></div><div class="spacer battle-history"><br></div><h2 class="battle-history">Turn 59</h2><div class="spacer battle-history"><br></div><div class="battle-history">uber, come back!<br></div><div class="battle-history">Go! Sexdos (<strong>Zapdos</strong>)!<br></div><div class="battle-history"><small>Sexdos was hurt by poison!</small><br></div><div class="spacer battle-history"><br></div><div class="battle-history">giara ★_★ withdrew Skarmory!<br></div><div class="battle-history">giara ★_★ sent out <strong>Umbreon</strong>!<br></div><div class="spacer battle-history"><br></div><div class="battle-history"><small>Sexdos restored a little HP using its Leftovers!</small><br></div><div class="spacer battle-history"><br></div><h2 class="battle-history">Turn 60</h2><div class="spacer battle-history"><br></div><div class="battle-history"><small>(Sexdos is being withdrawn...)</small><br></div><div class="spacer battle-history"><br></div><div class="battle-history">The opposing Umbreon is paralyzed! It can't move!<br></div><div class="spacer battle-history"><br></div><div class="battle-history">Sexdos, come back!<br></div><div class="battle-history">Go! Quagsex (<strong>Quagsire</strong>)!<br></div><div class="spacer battle-history"><br></div><h2 class="battle-history">Turn 61</h2><div class="spacer battle-history"><br></div><div class="battle-history">Quagsex, come back!<br></div><div class="battle-history">Go! Tyranisex (<strong>Tyranitar</strong>)!<br></div><div class="battle-history"><small>Tyranisex was poisoned!</small><br></div><div class="battle-history"><small>Tyranisex was hurt by poison!</small><br></div><div class="spacer battle-history"><br></div><div class="battle-history">giara ★_★ withdrew Umbreon!<br></div><div class="battle-history">giara ★_★ sent out <strong>Skarmory</strong>!<br></div><div class="spacer battle-history"><br></div><div class="battle-history"><small>Tyranisex restored a little HP using its Leftovers!</small><br></div><div class="spacer battle-history"><br></div><h2 class="battle-history">Turn 62</h2><div class="spacer battle-history"><br></div><div class="battle-history"><small>(The opposing Skarmory is being withdrawn...)</small><br></div><div class="spacer battle-history"><br></div><div class="battle-history">Tyranisex used <strong>Pursuit</strong>!<br></div><div class="battle-history"><small>It's not very effective...</small><br></div><div class="battle-history"><small>(The opposing Skarmory lost <abbr title="−57/333">17.1%</abbr> of its health!)</small><br></div><div class="battle-history"><small>Tyranisex was hurt by poison!</small><br></div><div class="spacer battle-history"><br></div><div class="battle-history">giara ★_★ withdrew Skarmory!<br></div><div class="battle-history">giara ★_★ sent out <strong>Umbreon</strong>!<br></div><div class="spacer battle-history"><br></div><div class="battle-history"><small>Tyranisex restored a little HP using its Leftovers!</small><br></div><div class="spacer battle-history"><br></div><h2 class="battle-history">Turn 63</h2><div class="spacer battle-history"><br></div><div class="battle-history">Tyranisex used <strong>Rock Slide</strong>!<br></div><div class="battle-history"><small>(The opposing Umbreon lost <abbr title="−99/393">25.2%</abbr> of its health!)</small><br></div><div class="battle-history"><small>Tyranisex was hurt by poison!</small><br></div><div class="spacer battle-history"><br></div><div class="battle-history">The opposing Umbreon is paralyzed! It can't move!<br></div><div class="spacer battle-history"><br></div><div class="battle-history"><small>Tyranisex restored a little HP using its Leftovers!</small><br></div><div class="battle-history"><small>The opposing Umbreon restored a little HP using its Leftovers!</small><br></div><div class="spacer battle-history"><br></div><h2 class="battle-history">Turn 64</h2><div class="spacer battle-history"><br></div><div class="battle-history">Tyranisex, come back!<br></div><div class="battle-history">Go! Sexdos (<strong>Zapdos</strong>)!<br></div><div class="battle-history"><small>Sexdos was hurt by poison!</small><br></div><div class="spacer battle-history"><br></div><div class="battle-history">The opposing Umbreon used <strong>Charm</strong>!<br></div><div class="battle-history"><small>Sexdos's Attack fell harshly!</small><br></div><div class="spacer battle-history"><br></div><div class="battle-history"><small>Sexdos restored a little HP using its Leftovers!</small><br></div><div class="battle-history"><small>The opposing Umbreon restored a little HP using its Leftovers!</small><br></div><div class="spacer battle-history"><br></div><h2 class="battle-history">Turn 65</h2><div class="spacer battle-history"><br></div><div class="battle-history">giara ★_★ withdrew Umbreon!<br></div><div class="battle-history">giara ★_★ sent out <strong>Raikou</strong>!<br></div><div class="spacer battle-history"><br></div><div class="battle-history">Sexdos used <strong>Thunderbolt</strong>!<br></div><div class="battle-history"><small>It's not very effective...</small><br></div><div class="battle-history"><small>(The opposing Raikou lost <abbr title="−67/383">17.5%</abbr> of its health!)</small><br></div><div class="battle-history"><small>Sexdos was hurt by poison!</small><br></div><div class="spacer battle-history"><br></div><div class="battle-history"><small>Sexdos restored a little HP using its Leftovers!</small><br></div><div class="battle-history"><small>The opposing Raikou restored a little HP using its Leftovers!</small><br></div><div class="spacer battle-history"><br></div><h2 class="battle-history">Turn 66</h2><div class="spacer battle-history"><br></div><div class="battle-history">Sexdos used <strong>Rest</strong>!<br></div><div class="battle-history"><small>Sexdos fell asleep!</small><br></div><div class="battle-history"><small>Sexdos slept and became healthy!</small><br></div><div class="spacer battle-history"><br></div><div class="battle-history">The opposing Raikou used <strong>Thunderbolt</strong>!<br></div><div class="battle-history"><small>A critical hit!</small><br></div><div class="battle-history"><small>(Sexdos lost <abbr title="−254/383">66.3%</abbr> of its health!)</small><br></div><div class="spacer battle-history"><br></div><div class="battle-history"><small>Sexdos restored a little HP using its Leftovers!</small><br></div><div class="battle-history"><small>The opposing Raikou restored a little HP using its Leftovers!</small><br></div><div class="spacer battle-history"><br></div><h2 class="battle-history">Turn 67</h2><div class="spacer battle-history"><br></div><div class="battle-history">giara ★_★ withdrew Raikou!<br></div><div class="battle-history">giara ★_★ sent out <strong>Skarmory</strong>!<br></div><div class="spacer battle-history"><br></div><div class="battle-history">Sexdos is fast asleep.<br></div><div class="spacer battle-history"><br></div><div class="battle-history"><small>Sexdos restored a little HP using its Leftovers!</small><br></div><div class="battle-history"><small>The opposing Skarmory restored a little HP using its Leftovers!</small><br></div><div class="spacer battle-history"><br></div><h2 class="battle-history">Turn 68</h2><div class="spacer battle-history"><br></div><div class="battle-history">Sexdos is fast asleep.<br></div><div class="spacer battle-history"><br></div><div class="battle-history">The opposing Skarmory used <strong>Whirlwind</strong>!<br></div><div class="spacer battle-history"><br></div><div class="battle-history">Tyranisex (<strong>Tyranitar</strong>) was dragged out!<br></div><div class="spacer battle-history"><br></div><div class="battle-history"><small>Tyranisex restored a little HP using its Leftovers!</small><br></div><div class="battle-history"><small>The opposing Skarmory restored a little HP using its Leftovers!</small><br></div><div class="spacer battle-history"><br></div><h2 class="battle-history">Turn 69</h2><div class="spacer battle-history"><br></div><div class="battle-history">giara ★_★ withdrew Skarmory!<br></div><div class="battle-history">giara ★_★ sent out <strong>Umbreon</strong>!<br></div><div class="spacer battle-history"><br></div><div class="battle-history">Tyranisex used <strong>Rock Slide</strong>!<br></div><div class="battle-history"><small>(The opposing Umbreon lost <abbr title="−96/393">24.4%</abbr> of its health!)</small><br></div><div class="battle-history"><small>Tyranisex was hurt by poison!</small><br></div><div class="spacer battle-history"><br></div><div class="battle-history"><small>Tyranisex restored a little HP using its Leftovers!</small><br></div><div class="battle-history"><small>The opposing Umbreon restored a little HP using its Leftovers!</small><br></div><div class="spacer battle-history"><br></div><h2 class="battle-history">Turn 70</h2><div class="spacer battle-history"><br></div><div class="battle-history">Tyranisex, come back!<br></div><div class="battle-history">Go! Sexdos (<strong>Zapdos</strong>)!<br></div><div class="spacer battle-history"><br></div><div class="battle-history">The opposing Umbreon used <strong>Charm</strong>!<br></div><div class="battle-history"><small>Sexdos's Attack fell harshly!</small><br></div><div class="spacer battle-history"><br></div><div class="battle-history"><small>Sexdos restored a little HP using its Leftovers!</small><br></div><div class="battle-history"><small>The opposing Umbreon restored a little HP using its Leftovers!</small><br></div><div class="spacer battle-history"><br></div><h2 class="battle-history">Turn 71</h2><div class="spacer battle-history"><br></div><div class="battle-history">Sexdos, come back!<br></div><div class="battle-history">Go! Quagsex (<strong>Quagsire</strong>)!<br></div><div class="spacer battle-history"><br></div><div class="battle-history">giara ★_★ withdrew Umbreon!<br></div><div class="battle-history">giara ★_★ sent out <strong>Snorlax</strong>!<br></div><div class="spacer battle-history"><br></div><h2 class="battle-history">Turn 72</h2><div class="spacer battle-history"><br></div><div class="battle-history">giara ★_★ withdrew Snorlax!<br></div><div class="battle-history">giara ★_★ sent out <strong>Skarmory</strong>!<br></div><div class="spacer battle-history"><br></div><div class="battle-history">Quagsex used <strong>Belly Drum</strong>!<br></div><div class="battle-history"><small>(Quagsex lost <abbr title="−196/393">49.9%</abbr> of its health!)</small><br></div><div class="battle-history"><small>Quagsex cut its own HP and maximized its Attack!</small><br></div><div class="spacer battle-history"><br></div><div class="battle-history"><small>Quagsex restored a little HP using its Leftovers!</small><br></div><div class="battle-history"><small>The opposing Skarmory restored a little HP using its Leftovers!</small><br></div><div class="spacer battle-history"><br></div><h2 class="battle-history">Turn 73</h2><div class="spacer battle-history"><br></div><div class="battle-history">Quagsex used <strong>Hidden Power</strong>!<br></div><div class="battle-history"><small>(The opposing Skarmory lost <abbr title="−145/333">43.5%</abbr> of its health!)</small><br></div><div class="spacer battle-history"><br></div><div class="battle-history">The opposing Skarmory used <strong>Whirlwind</strong>!<br></div><div class="spacer battle-history"><br></div><div class="battle-history">Sexmie (<strong>Starmie</strong>) was dragged out!<br></div><div class="spacer battle-history"><br></div><div class="battle-history"><small>Sexmie restored a little HP using its Leftovers!</small><br></div><div class="battle-history"><small>The opposing Skarmory restored a little HP using its Leftovers!</small><br></div><div class="spacer battle-history"><br></div><h2 class="battle-history">Turn 74</h2><div class="spacer battle-history"><br></div><div class="battle-history">giara ★_★ withdrew Skarmory!<br></div><div class="battle-history">giara ★_★ sent out <strong>Raikou</strong>!<br></div><div class="spacer battle-history"><br></div><div class="battle-history">Sexmie used <strong>Surf</strong>!<br></div><div class="battle-history"><small>(The opposing Raikou lost <abbr title="−105/383">27.4%</abbr> of its health!)</small><br></div><div class="spacer battle-history"><br></div><div class="battle-history"><small>Sexmie restored a little HP using its Leftovers!</small><br></div><div class="battle-history"><small>The opposing Raikou restored a little HP using its Leftovers!</small><br></div><div class="spacer battle-history"><br></div><h2 class="battle-history">Turn 75</h2><div class="spacer battle-history"><br></div><div class="battle-history">Sexmie, come back!<br></div><div class="battle-history">Go! Quagsex (<strong>Quagsire</strong>)!<br></div><div class="spacer battle-history"><br></div><div class="battle-history">The opposing Raikou used <strong>Roar</strong>!<br></div><div class="spacer battle-history"><br></div><div class="battle-history">Sextank (<strong>Miltank</strong>) was dragged out!<br></div><div class="spacer battle-history"><br></div><div class="battle-history"><small>The opposing Raikou restored a little HP using its Leftovers!</small><br></div><div class="spacer battle-history"><br></div><h2 class="battle-history">Turn 76</h2><div class="spacer battle-history"><br></div><div class="battle-history">Sextank, come back!<br></div><div class="battle-history">Go! Quagsex (<strong>Quagsire</strong>)!<br></div><div class="spacer battle-history"><br></div><div class="battle-history">giara ★_★ withdrew Raikou!<br></div><div class="battle-history">giara ★_★ sent out <strong>Skarmory</strong>!<br></div><div class="spacer battle-history"><br></div><div class="battle-history"><small>Quagsex restored a little HP using its Leftovers!</small><br></div><div class="battle-history"><small>The opposing Skarmory restored a little HP using its Leftovers!</small><br></div><div class="spacer battle-history"><br></div><h2 class="battle-history">Turn 77</h2><div class="spacer battle-history"><br></div><div class="battle-history">Quagsex, come back!<br></div><div class="battle-history">Go! Sexdos (<strong>Zapdos</strong>)!<br></div><div class="spacer battle-history"><br></div><div class="battle-history">The opposing Skarmory used <strong>Toxic</strong>!<br></div><div class="battle-history"><small>But it failed!</small><br></div><div class="spacer battle-history"><br></div><div class="battle-history"><small>Sexdos restored a little HP using its Leftovers!</small><br></div><div class="battle-history"><small>The opposing Skarmory restored a little HP using its Leftovers!</small><br></div><div class="spacer battle-history"><br></div><h2 class="battle-history">Turn 78</h2><div class="spacer battle-history"><br></div><div class="battle-history">Sexdos, come back!<br></div><div class="battle-history">Go! Quagsex (<strong>Quagsire</strong>)!<br></div><div class="spacer battle-history"><br></div><div class="battle-history">giara ★_★ withdrew Skarmory!<br></div><div class="battle-history">giara ★_★ sent out <strong>Raikou</strong>!<br></div><div class="spacer battle-history"><br></div><div class="battle-history"><small>Quagsex restored a little HP using its Leftovers!</small><br></div><div class="battle-history"><small>The opposing Raikou restored a little HP using its Leftovers!</small><br></div><div class="spacer battle-history"><br></div><h2 class="battle-history">Turn 79</h2><div class="spacer battle-history"><br></div><div class="battle-history">giara ★_★ withdrew Raikou!<br></div><div class="battle-history">giara ★_★ sent out <strong>Skarmory</strong>!<br></div><div class="spacer battle-history"><br></div><div class="battle-history">Quagsex used <strong>Hidden Power</strong>!<br></div><div class="battle-history"><small>(The opposing Skarmory lost <abbr title="−37/333">11.1%</abbr> of its health!)</small><br></div><div class="spacer battle-history"><br></div><div class="battle-history"><small>Quagsex restored a little HP using its Leftovers!</small><br></div><div class="battle-history"><small>The opposing Skarmory restored a little HP using its Leftovers!</small><br></div><div class="spacer battle-history"><br></div><h2 class="battle-history">Turn 80</h2><div class="spacer battle-history"><br></div><div class="battle-history">Quagsex, come back!<br></div><div class="battle-history">Go! Sexdos (<strong>Zapdos</strong>)!<br></div><div class="spacer battle-history"><br></div><div class="battle-history">The opposing Skarmory used <strong>Whirlwind</strong>!<br></div><div class="spacer battle-history"><br></div><div class="battle-history">Sexmie (<strong>Starmie</strong>) was dragged out!<br></div><div class="spacer battle-history"><br></div><div class="battle-history"><small>Sexmie restored a little HP using its Leftovers!</small><br></div><div class="battle-history"><small>The opposing Skarmory restored a little HP using its Leftovers!</small><br></div><div class="spacer battle-history"><br></div><h2 class="battle-history">Turn 81</h2><div class="spacer battle-history"><br></div><div class="battle-history">Sexmie, come back!<br></div><div class="battle-history">Go! Quagsex (<strong>Quagsire</strong>)!<br></div><div class="spacer battle-history"><br></div><div class="battle-history">giara ★_★ withdrew Skarmory!<br></div><div class="battle-history">giara ★_★ sent out <strong>Raikou</strong>!<br></div><div class="spacer battle-history"><br></div><div class="battle-history"><small>Quagsex restored a little HP using its Leftovers!</small><br></div><div class="battle-history"><small>The opposing Raikou restored a little HP using its Leftovers!</small><br></div><div class="spacer battle-history"><br></div><h2 class="battle-history">Turn 82</h2><div class="spacer battle-history"><br></div><div class="battle-history">giara ★_★ withdrew Raikou!<br></div><div class="battle-history">giara ★_★ sent out <strong>Skarmory</strong>!<br></div><div class="spacer battle-history"><br></div><div class="battle-history">Quagsex used <strong>Hidden Power</strong>!<br></div><div class="battle-history"><small>(The opposing Skarmory lost <abbr title="−41/333">12.3%</abbr> of its health!)</small><br></div><div class="spacer battle-history"><br></div><div class="battle-history"><small>Quagsex restored a little HP using its Leftovers!</small><br></div><div class="battle-history"><small>The opposing Skarmory restored a little HP using its Leftovers!</small><br></div><div class="spacer battle-history"><br></div><h2 class="battle-history">Turn 83</h2><div class="spacer battle-history"><br></div><div class="battle-history">giara ★_★ withdrew Skarmory!<br></div><div class="battle-history">giara ★_★ sent out <strong>Snorlax</strong>!<br></div><div class="spacer battle-history"><br></div><div class="battle-history">Quagsex used <strong>Hidden Power</strong>!<br></div><div class="battle-history"><small>(The opposing Snorlax lost <abbr title="−64/523">12.2%</abbr> of its health!)</small><br></div><div class="spacer battle-history"><br></div><div class="battle-history"><small>Quagsex restored a little HP using its Leftovers!</small><br></div><div class="battle-history"><small>The opposing Snorlax restored a little HP using its Leftovers!</small><br></div><div class="spacer battle-history"><br></div><h2 class="battle-history">Turn 84</h2><div class="spacer battle-history"><br></div><div class="battle-history">giara ★_★ withdrew Snorlax!<br></div><div class="battle-history">giara ★_★ sent out <strong>Skarmory</strong>!<br></div><div class="spacer battle-history"><br></div><div class="battle-history">Quagsex used <strong>Belly Drum</strong>!<br></div><div class="battle-history"><small>(Quagsex lost <abbr title="−196/393">49.9%</abbr> of its health!)</small><br></div><div class="battle-history"><small>Quagsex cut its own HP and maximized its Attack!</small><br></div><div class="spacer battle-history"><br></div><div class="battle-history"><small>Quagsex restored a little HP using its Leftovers!</small><br></div><div class="battle-history"><small>The opposing Skarmory restored a little HP using its Leftovers!</small><br></div><div class="spacer battle-history"><br></div><h2 class="battle-history">Turn 85</h2><div class="spacer battle-history"><br></div><div class="battle-history">Quagsex used <strong>Hidden Power</strong>!<br></div><div class="battle-history"><small>(The opposing Skarmory lost <abbr title="−142/333">42.6%</abbr> of its health!)</small><br></div><div class="spacer battle-history"><br></div><div class="battle-history">The opposing Skarmory used <strong>Whirlwind</strong>!<br></div><div class="spacer battle-history"><br></div><div class="battle-history">Sexmie (<strong>Starmie</strong>) was dragged out!<br></div><div class="spacer battle-history"><br></div><div class="battle-history"><small>Sexmie restored a little HP using its Leftovers!</small><br></div><div class="battle-history"><small>The opposing Skarmory restored a little HP using its Leftovers!</small><br></div><div class="spacer battle-history"><br></div><h2 class="battle-history">Turn 86</h2><div class="spacer battle-history"><br></div><div class="battle-history">giara ★_★ withdrew Skarmory!<br></div><div class="battle-history">giara ★_★ sent out <strong>Raikou</strong>!<br></div><div class="spacer battle-history"><br></div><div class="battle-history">Sexmie used <strong>Surf</strong>!<br></div><div class="battle-history"><small>(The opposing Raikou lost <abbr title="−111/383">29.0%</abbr> of its health!)</small><br></div><div class="spacer battle-history"><br></div><div class="battle-history"><small>The opposing Raikou restored a little HP using its Leftovers!</small><br></div><div class="spacer battle-history"><br></div><h2 class="battle-history">Turn 87</h2><div class="spacer battle-history"><br></div><div class="battle-history">giara ★_★ withdrew Raikou!<br></div><div class="battle-history">giara ★_★ sent out <strong>Skarmory</strong>!<br></div><div class="spacer battle-history"><br></div><div class="battle-history">Sexmie used <strong>Surf</strong>!<br></div><div class="battle-history"><small>(The opposing Skarmory lost <abbr title="−128/333">38.4%</abbr> of its health!)</small><br></div><div class="spacer battle-history"><br></div><div class="battle-history">The opposing Skarmory fainted!<br></div><div class="spacer battle-history"><br></div><div class="battle-history">giara ★_★ sent out <strong>Snorlax</strong>!<br></div><div class="spacer battle-history"><br></div><div class="battle-history"><small>The opposing Snorlax restored a little HP using its Leftovers!</small><br></div><div class="spacer battle-history"><br></div><h2 class="battle-history">Turn 88</h2><div class="spacer battle-history"><br></div><div class="battle-history">Sexmie used <strong>Thunder Wave</strong>!<br></div><div class="battle-history"><small>The opposing Snorlax is paralyzed! It may be unable to move!</small><br></div><div class="spacer battle-history"><br></div><div class="battle-history">The opposing Snorlax used <strong>Belly Drum</strong>!<br></div><div class="battle-history"><small>(The opposing Snorlax lost <abbr title="−261/523">49.9%</abbr> of its health!)</small><br></div><div class="battle-history"><small>The opposing Snorlax cut its own HP and maximized its Attack!</small><br></div><div class="spacer battle-history"><br></div><div class="battle-history"><small>The opposing Snorlax restored a little HP using its Leftovers!</small><br></div><div class="spacer battle-history"><br></div><h2 class="battle-history">Turn 89</h2><div class="spacer battle-history"><br></div><div class="battle-history">Sexmie used <strong>Surf</strong>!<br></div><div class="battle-history"><small>(The opposing Snorlax lost <abbr title="−97/523">18.5%</abbr> of its health!)</small><br></div><div class="spacer battle-history"><br></div><div class="battle-history">The opposing Snorlax is paralyzed! It can't move!<br></div><div class="spacer battle-history"><br></div><div class="battle-history"><small>The opposing Snorlax restored a little HP using its Leftovers!</small><br></div><div class="spacer battle-history"><br></div><h2 class="battle-history">Turn 90</h2><div class="spacer battle-history"><br></div><div class="battle-history">Sexmie used <strong>Surf</strong>!<br></div><div class="battle-history"><small>(The opposing Snorlax lost <abbr title="−97/523">18.5%</abbr> of its health!)</small><br></div><div class="spacer battle-history"><br></div><div class="battle-history">The opposing Snorlax is paralyzed! It can't move!<br></div><div class="spacer battle-history"><br></div><div class="battle-history"><small>The opposing Snorlax restored a little HP using its Leftovers!</small><br></div><div class="spacer battle-history"><br></div><h2 class="battle-history">Turn 91</h2><div class="spacer battle-history"><br></div><div class="battle-history">Sexmie used <strong>Surf</strong>!<br></div><div class="battle-history"><small>(The opposing Snorlax lost <abbr title="−101/523">19.3%</abbr> of its health!)</small><br></div><div class="spacer battle-history"><br></div><div class="battle-history">The opposing Snorlax used <strong>Rest</strong>!<br></div><div class="battle-history"><small>The opposing Snorlax fell asleep!</small><br></div><div class="battle-history"><small>The opposing Snorlax slept and became healthy!</small><br></div><div class="spacer battle-history"><br></div><h2 class="battle-history">Turn 92</h2><div class="spacer battle-history"><br></div><div class="battle-history">Sexmie, come back!<br></div><div class="battle-history">Go! Quagsex (<strong>Quagsire</strong>)!<br></div><div class="spacer battle-history"><br></div><div class="battle-history">The opposing Snorlax is fast asleep.<br></div><div class="spacer battle-history"><br></div><div class="battle-history"><small>Quagsex restored a little HP using its Leftovers!</small><br></div><div class="spacer battle-history"><br></div><h2 class="battle-history">Turn 93</h2><div class="spacer battle-history"><br></div><div class="battle-history">Quagsex used <strong>Belly Drum</strong>!<br></div><div class="battle-history"><small>(Quagsex lost <abbr title="−196/393">49.9%</abbr> of its health!)</small><br></div><div class="battle-history"><small>Quagsex cut its own HP and maximized its Attack!</small><br></div><div class="spacer battle-history"><br></div><div class="battle-history">The opposing Snorlax is fast asleep.<br></div><div class="spacer battle-history"><br></div><div class="battle-history"><small>Quagsex restored a little HP using its Leftovers!</small><br></div><div class="spacer battle-history"><br></div><h2 class="battle-history">Turn 94</h2><div class="spacer battle-history"><br></div><div class="battle-history">giara ★_★ withdrew Snorlax!<br></div><div class="battle-history">giara ★_★ sent out <strong>Zapdos</strong>!<br></div><div class="spacer battle-history"><br></div><div class="battle-history">Quagsex used <strong>Earthquake</strong>!<br></div><div class="battle-history"><small>It doesn't affect the opposing Zapdos...</small><br></div><div class="spacer battle-history"><br></div><div class="battle-history"><small>Quagsex restored a little HP using its Leftovers!</small><br></div><div class="spacer battle-history"><br></div><h2 class="battle-history">Turn 95</h2><div class="spacer battle-history"><br></div><div class="battle-history">Quagsex, come back!<br></div><div class="battle-history">Go! uber (<strong>Snorlax</strong>)!<br></div><div class="battle-history"><small>uber was poisoned!</small><br></div><div class="battle-history"><small>uber was hurt by poison!</small><br></div><div class="spacer battle-history"><br></div><div class="battle-history">The opposing Zapdos used <strong>Hidden Power</strong>!<br></div><div class="battle-history"><small>(uber lost <abbr title="−62/499">12.4%</abbr> of its health!)</small><br></div><div class="spacer battle-history"><br></div><div class="battle-history"><small>uber restored a little HP using its Leftovers!</small><br></div><div class="spacer battle-history"><br></div><h2 class="battle-history">Turn 96</h2><div class="spacer battle-history"><br></div><div class="battle-history">The opposing Zapdos used <strong>Thunder</strong>!<br></div><div class="battle-history"><small>(uber lost <abbr title="−161/499">32.3%</abbr> of its health!)</small><br></div><div class="spacer battle-history"><br></div><div class="battle-history">uber used <strong>Curse</strong>!<br></div><div class="battle-history"><small>uber's Speed fell!</small><br></div><div class="battle-history"><small>uber's Attack rose!</small><br></div><div class="battle-history"><small>uber's Defense rose!</small><br></div><div class="battle-history"><small>uber was hurt by poison!</small><br></div><div class="spacer battle-history"><br></div><div class="battle-history"><small>uber restored a little HP using its Leftovers!</small><br></div><div class="spacer battle-history"><br></div><h2 class="battle-history">Turn 97</h2><div class="spacer battle-history"><br></div><div class="battle-history">giara ★_★ withdrew Zapdos!<br></div><div class="battle-history">giara ★_★ sent out <strong>Snorlax</strong>!<br></div><div class="spacer battle-history"><br></div><div class="battle-history">uber used <strong>Body Slam</strong>!<br></div><div class="battle-history"><small>(The opposing Snorlax lost <abbr title="−209/523">40.0%</abbr> of its health!)</small><br></div><div class="battle-history"><small>uber was hurt by poison!</small><br></div><div class="spacer battle-history"><br></div><div class="battle-history"><small>The opposing Snorlax restored a little HP using its Leftovers!</small><br></div><div class="battle-history"><small>uber restored a little HP using its Leftovers!</small><br></div><div class="spacer battle-history"><br></div><h2 class="battle-history">Turn 98</h2><div class="spacer battle-history"><br></div><div class="battle-history">giara ★_★ withdrew Snorlax!<br></div><div class="battle-history">giara ★_★ sent out <strong>Umbreon</strong>!<br></div><div class="spacer battle-history"><br></div><div class="battle-history">uber used <strong>Body Slam</strong>!<br></div><div class="battle-history"><small>(The opposing Umbreon lost <abbr title="−161/393">41.0%</abbr> of its health!)</small><br></div><div class="battle-history"><small>uber was hurt by poison!</small><br></div><div class="spacer battle-history"><br></div><div class="battle-history"><small>uber restored a little HP using its Leftovers!</small><br></div><div class="battle-history"><small>The opposing Umbreon restored a little HP using its Leftovers!</small><br></div><div class="spacer battle-history"><br></div><h2 class="battle-history">Turn 99</h2><div class="spacer battle-history"><br></div><div class="battle-history">uber used <strong>Rest</strong>!<br></div><div class="battle-history"><small>uber fell asleep!</small><br></div><div class="battle-history"><small>uber slept and became healthy!</small><br></div><div class="spacer battle-history"><br></div><div class="battle-history">The opposing Umbreon used <strong>Charm</strong>!<br></div><div class="battle-history"><small>uber's Attack fell harshly!</small><br></div><div class="spacer battle-history"><br></div><div class="battle-history"><small>The opposing Umbreon restored a little HP using its Leftovers!</small><br></div><div class="spacer battle-history"><br></div><h2 class="battle-history">Turn 100</h2><div class="spacer battle-history"><br></div><div class="battle-history">uber, come back!<br></div><div class="battle-history">Go! Quagsex (<strong>Quagsire</strong>)!<br></div><div class="spacer battle-history"><br></div><div class="battle-history">giara ★_★ withdrew Umbreon!<br></div><div class="battle-history">giara ★_★ sent out <strong>Snorlax</strong>!<br></div><div class="spacer battle-history"><br></div><div class="battle-history"><small>Quagsex restored a little HP using its Leftovers!</small><br></div><div class="battle-history"><small>The opposing Snorlax restored a little HP using its Leftovers!</small><br></div><div class="spacer battle-history"><br></div><h2 class="battle-history">Turn 101</h2><div class="spacer battle-history"><br></div><div class="battle-history">Quagsex, come back!<br></div><div class="battle-history">Go! Tyranisex (<strong>Tyranitar</strong>)!<br></div><div class="battle-history"><small>Tyranisex was hurt by poison!</small><br></div><div class="battle-history"><small>The opposing Snorlax woke up!</small><br></div><div class="spacer battle-history"><br></div><div class="battle-history">The opposing Snorlax used <strong>Return</strong>!<br></div><div class="battle-history"><small>It's not very effective...</small><br></div><div class="battle-history"><small>(Tyranisex lost <abbr title="−56/403">13.9%</abbr> of its health!)</small><br></div><div class="spacer battle-history"><br></div><div class="battle-history"><small>Tyranisex restored a little HP using its Leftovers!</small><br></div><div class="battle-history"><small>The opposing Snorlax restored a little HP using its Leftovers!</small><br></div><div class="spacer battle-history"><br></div><h2 class="battle-history">Turn 102</h2><div class="spacer battle-history"><br></div><div class="battle-history">Tyranisex, come back!<br></div><div class="battle-history">Go! uber (<strong>Snorlax</strong>)!<br></div><div class="spacer battle-history"><br></div><div class="battle-history">The opposing Snorlax used <strong>Return</strong>!<br></div><div class="battle-history"><small>(uber lost <abbr title="−169/499">33.9%</abbr> of its health!)</small><br></div><div class="spacer battle-history"><br></div><div class="battle-history"><small>uber restored a little HP using its Leftovers!</small><br></div><div class="battle-history"><small>The opposing Snorlax restored a little HP using its Leftovers!</small><br></div><div class="spacer battle-history"><br></div><h2 class="battle-history">Turn 103</h2><div class="spacer battle-history"><br></div><div class="battle-history">The opposing Snorlax used <strong>Return</strong>!<br></div><div class="battle-history"><small>(uber lost <abbr title="−173/499">34.7%</abbr> of its health!)</small><br></div><div class="spacer battle-history"><br></div><div class="battle-history">uber is fast asleep.<br></div><div class="spacer battle-history"><br></div><div class="battle-history"><small>uber restored a little HP using its Leftovers!</small><br></div><div class="battle-history"><small>The opposing Snorlax restored a little HP using its Leftovers!</small><br></div><div class="spacer battle-history"><br></div><h2 class="battle-history">Turn 104</h2><div class="spacer battle-history"><br></div><div class="battle-history">uber is fast asleep.<br></div><div class="spacer battle-history"><br></div><div class="battle-history">The opposing Snorlax used <strong>Return</strong>!<br></div><div class="battle-history"><small>(uber lost <abbr title="−179/499">35.9%</abbr> of its health!)</small><br></div><div class="spacer battle-history"><br></div><div class="battle-history"><small>uber restored a little HP using its Leftovers!</small><br></div><div class="battle-history"><small>The opposing Snorlax restored a little HP using its Leftovers!</small><br></div><div class="spacer battle-history"><br></div><h2 class="battle-history">Turn 105</h2><div class="spacer battle-history"><br></div><div class="battle-history">uber, come back!<br></div><div class="battle-history">Go! Sextank (<strong>Miltank</strong>)!<br></div><div class="spacer battle-history"><br></div><div class="battle-history">The opposing Snorlax used <strong>Return</strong>!<br></div><div class="battle-history"><small>(Sextank lost <abbr title="−118/393">30.0%</abbr> of its health!)</small><br></div><div class="spacer battle-history"><br></div><div class="battle-history"><small>Sextank restored a little HP using its Leftovers!</small><br></div><div class="battle-history"><small>The opposing Snorlax restored a little HP using its Leftovers!</small><br></div><div class="spacer battle-history"><br></div><h2 class="battle-history">Turn 106</h2><div class="spacer battle-history"><br></div><div class="battle-history">Sextank used <strong>Body Slam</strong>!<br></div><div class="battle-history"><small>(The opposing Snorlax lost <abbr title="−111/523">21.2%</abbr> of its health!)</small><br></div><div class="spacer battle-history"><br></div><div class="battle-history">The opposing Snorlax used <strong>Belly Drum</strong>!<br></div><div class="battle-history"><small>(The opposing Snorlax lost <abbr title="−261/523">49.9%</abbr> of its health!)</small><br></div><div class="battle-history"><small>The opposing Snorlax cut its own HP and maximized its Attack!</small><br></div><div class="spacer battle-history"><br></div><div class="battle-history"><small>Sextank restored a little HP using its Leftovers!</small><br></div><div class="battle-history"><small>The opposing Snorlax restored a little HP using its Leftovers!</small><br></div><div class="spacer battle-history"><br></div><h2 class="battle-history">Turn 107</h2><div class="spacer battle-history"><br></div><div class="battle-history">Sextank used <strong>Body Slam</strong>!<br></div><div class="battle-history"><small>(The opposing Snorlax lost <abbr title="−116/523">22.2%</abbr> of its health!)</small><br></div><div class="spacer battle-history"><br></div><div class="battle-history">The opposing Snorlax used <strong>Return</strong>!<br></div><div class="battle-history"><small>(Sextank lost <abbr title="−323/393">82.2%</abbr> of its health!)</small><br></div><div class="spacer battle-history"><br></div><div class="battle-history">Sextank fainted!<br></div><div class="spacer battle-history"><br></div><div class="battle-history">Go! Tyranisex (<strong>Tyranitar</strong>)!<br></div><div class="spacer battle-history"><br></div><div class="battle-history"><small>Tyranisex restored a little HP using its Leftovers!</small><br></div><div class="battle-history"><small>The opposing Snorlax restored a little HP using its Leftovers!</small><br></div><div class="spacer battle-history"><br></div><h2 class="battle-history">Turn 108</h2><div class="spacer battle-history"><br></div><div class="battle-history">The opposing Snorlax used <strong>Protect</strong>!<br></div><div class="battle-history"><small>The opposing Snorlax protected itself!</small><br></div><div class="spacer battle-history"><br></div><div class="battle-history">Tyranisex used <strong>Rock Slide</strong>!<br></div><div class="battle-history"><small>The opposing Snorlax protected itself!</small><br></div><div class="battle-history"><small>Tyranisex was hurt by poison!</small><br></div><div class="spacer battle-history"><br></div><div class="battle-history"><small>Tyranisex restored a little HP using its Leftovers!</small><br></div><div class="battle-history"><small>The opposing Snorlax restored a little HP using its Leftovers!</small><br></div><div class="spacer battle-history"><br></div><h2 class="battle-history">Turn 109</h2><div class="spacer battle-history"><br></div><div class="battle-history">giara ★_★ withdrew Snorlax!<br></div><div class="battle-history">giara ★_★ sent out <strong>Raikou</strong>!<br></div><div class="spacer battle-history"><br></div><div class="battle-history">Tyranisex used <strong>Rock Slide</strong>!<br></div><div class="battle-history"><small>(The opposing Raikou lost <abbr title="−133/383">34.7%</abbr> of its health!)</small><br></div><div class="battle-history"><small>Tyranisex was hurt by poison!</small><br></div><div class="spacer battle-history"><br></div><div class="battle-history"><small>Tyranisex restored a little HP using its Leftovers!</small><br></div><div class="battle-history"><small>The opposing Raikou restored a little HP using its Leftovers!</small><br></div><div class="spacer battle-history"><br></div><h2 class="battle-history">Turn 110</h2><div class="spacer battle-history"><br></div><div class="battle-history">Tyranisex, come back!<br></div><div class="battle-history">Go! Quagsex (<strong>Quagsire</strong>)!<br></div><div class="spacer battle-history"><br></div><div class="battle-history">The opposing Raikou used <strong>Thunderbolt</strong>!<br></div><div class="battle-history"><small>It doesn't affect Quagsex...</small><br></div><div class="spacer battle-history"><br></div><div class="battle-history"><small>Quagsex restored a little HP using its Leftovers!</small><br></div><div class="battle-history"><small>The opposing Raikou restored a little HP using its Leftovers!</small><br></div><div class="spacer battle-history"><br></div><h2 class="battle-history">Turn 111</h2><div class="spacer battle-history"><br></div><div class="battle-history">giara ★_★ withdrew Raikou!<br></div><div class="battle-history">giara ★_★ sent out <strong>Zapdos</strong>!<br></div><div class="spacer battle-history"><br></div><div class="battle-history">Quagsex used <strong>Hidden Power</strong>!<br></div><div class="battle-history"><small>It's super effective!</small><br></div><div class="battle-history"><small>(The opposing Zapdos lost <abbr title="−110/383">28.7%</abbr> of its health!)</small><br></div><div class="spacer battle-history"><br></div><div class="battle-history"><small>The opposing Zapdos restored a little HP using its Leftovers!</small><br></div><div class="battle-history"><small>Quagsex restored a little HP using its Leftovers!</small><br></div><div class="spacer battle-history"><br></div><h2 class="battle-history">Turn 112</h2><div class="spacer battle-history"><br></div><div class="battle-history">Quagsex, come back!<br></div><div class="battle-history">Go! Sexdos (<strong>Zapdos</strong>)!<br></div><div class="spacer battle-history"><br></div><div class="battle-history">The opposing Zapdos used <strong>Hidden Power</strong>!<br></div><div class="battle-history"><small>It's super effective!</small><br></div><div class="battle-history"><small>(Sexdos lost <abbr title="−136/383">35.5%</abbr> of its health!)</small><br></div><div class="spacer battle-history"><br></div><div class="battle-history"><small>The opposing Zapdos restored a little HP using its Leftovers!</small><br></div><div class="battle-history"><small>Sexdos restored a little HP using its Leftovers!</small><br></div><div class="spacer battle-history"><br></div><h2 class="battle-history">Turn 113</h2><div class="spacer battle-history"><br></div><div class="battle-history">The opposing Zapdos used <strong>Hidden Power</strong>!<br></div><div class="battle-history"><small>It's super effective!</small><br></div><div class="battle-history"><small>(Sexdos lost <abbr title="−108/383">28.2%</abbr> of its health!)</small><br></div><div class="spacer battle-history"><br></div><div class="battle-history">Sexdos fainted!<br></div><div class="spacer battle-history"><br></div><div class="battle-history">Go! Sexmie (<strong>Starmie</strong>)!<br></div><div class="spacer battle-history"><br></div><div class="battle-history"><small>The opposing Zapdos restored a little HP using its Leftovers!</small><br></div><div class="spacer battle-history"><br></div><h2 class="battle-history">Turn 114</h2><div class="spacer battle-history"><br></div><div class="battle-history">giara ★_★ withdrew Zapdos!<br></div><div class="battle-history">giara ★_★ sent out <strong>Raikou</strong>!<br></div><div class="spacer battle-history"><br></div><div class="battle-history">Sexmie used <strong>Thunder Wave</strong>!<br></div><div class="battle-history"><small>The opposing Raikou is already paralyzed!</small><br></div><div class="spacer battle-history"><br></div><div class="battle-history"><small>The opposing Raikou restored a little HP using its Leftovers!</small><br></div><div class="spacer battle-history"><br></div><h2 class="battle-history">Turn 115</h2><div class="spacer battle-history"><br></div><div class="battle-history">giara ★_★ withdrew Raikou!<br></div><div class="battle-history">giara ★_★ sent out <strong>Zapdos</strong>!<br></div><div class="spacer battle-history"><br></div><div class="battle-history">Sexmie used <strong>Surf</strong>!<br></div><div class="battle-history"><small>(The opposing Zapdos lost <abbr title="−116/383">30.3%</abbr> of its health!)</small><br></div><div class="spacer battle-history"><br></div><div class="battle-history"><small>The opposing Zapdos restored a little HP using its Leftovers!</small><br></div><div class="spacer battle-history"><br></div><h2 class="battle-history">Turn 116</h2><div class="spacer battle-history"><br></div><div class="battle-history">giara ★_★ withdrew Zapdos!<br></div><div class="battle-history">giara ★_★ sent out <strong>Snorlax</strong>!<br></div><div class="spacer battle-history"><br></div><div class="battle-history">Sexmie used <strong>Thunder Wave</strong>!<br></div><div class="battle-history"><small>The opposing Snorlax is paralyzed! It may be unable to move!</small><br></div><div class="spacer battle-history"><br></div><div class="battle-history"><small>The opposing Snorlax restored a little HP using its Leftovers!</small><br></div><div class="spacer battle-history"><br></div><h2 class="battle-history">Turn 117</h2><div class="spacer battle-history"><br></div><div class="battle-history">Sexmie, come back!<br></div><div class="battle-history">Go! uber (<strong>Snorlax</strong>)!<br></div><div class="spacer battle-history"><br></div><div class="battle-history">The opposing Snorlax is paralyzed! It can't move!<br></div><div class="spacer battle-history"><br></div><div class="battle-history"><small>uber restored a little HP using its Leftovers!</small><br></div><div class="battle-history"><small>The opposing Snorlax restored a little HP using its Leftovers!</small><br></div><div class="spacer battle-history"><br></div><h2 class="battle-history">Turn 118</h2><div class="spacer battle-history"><br></div><div class="battle-history">giara ★_★ withdrew Snorlax!<br></div><div class="battle-history">giara ★_★ sent out <strong>Umbreon</strong>!<br></div><div class="battle-history"><small>uber woke up!</small><br></div><div class="spacer battle-history"><br></div><div class="battle-history">uber used <strong>Rest</strong>!<br></div><div class="battle-history"><small>uber fell asleep!</small><br></div><div class="battle-history"><small>uber slept and became healthy!</small><br></div><div class="spacer battle-history"><br></div><div class="battle-history"><small>The opposing Umbreon restored a little HP using its Leftovers!</small><br></div><div class="spacer battle-history"><br></div><h2 class="battle-history">Turn 119</h2><div class="spacer battle-history"><br></div><div class="battle-history">uber is fast asleep.<br></div><div class="spacer battle-history"><br></div><div class="battle-history">The opposing Umbreon used <strong>Moonlight</strong>!<br></div><div class="battle-history"><small>The opposing Umbreon had its HP restored.</small><br></div><div class="spacer battle-history"><br></div><h2 class="battle-history">Turn 120</h2><div class="spacer battle-history"><br></div><div class="battle-history">uber is fast asleep.<br></div><div class="spacer battle-history"><br></div><div class="battle-history">The opposing Umbreon used <strong>Charm</strong>!<br></div><div class="battle-history"><small>uber's Attack fell harshly!</small><br></div><div class="spacer battle-history"><br></div><h2 class="battle-history">Turn 121</h2><div class="spacer battle-history"><br></div><div class="battle-history">uber, come back!<br></div><div class="battle-history">Go! Sexmie (<strong>Starmie</strong>)!<br></div><div class="spacer battle-history"><br></div><div class="battle-history">The opposing Umbreon is paralyzed! It can't move!<br></div><div class="spacer battle-history"><br></div><h2 class="battle-history">Turn 122</h2><div class="spacer battle-history"><br></div><div class="battle-history">Sexmie, come back!<br></div><div class="battle-history">Go! Quagsex (<strong>Quagsire</strong>)!<br></div><div class="spacer battle-history"><br></div><div class="battle-history">The opposing Umbreon used <strong>Toxic</strong>!<br></div><div class="battle-history"><small>Quagsex was badly poisoned!</small><br></div><div class="spacer battle-history"><br></div><div class="battle-history"><small>Quagsex restored a little HP using its Leftovers!</small><br></div><div class="spacer battle-history"><br></div><h2 class="battle-history">Turn 123</h2><div class="spacer battle-history"><br></div><div class="battle-history">Quagsex used <strong>Rest</strong>!<br></div><div class="battle-history"><small>Quagsex fell asleep!</small><br></div><div class="battle-history"><small>Quagsex slept and became healthy!</small><br></div><div class="spacer battle-history"><br></div><div class="battle-history">The opposing Umbreon used <strong>Charm</strong>!<br></div><div class="battle-history"><small>Quagsex's Attack fell harshly!</small><br></div><div class="spacer battle-history"><br></div><h2 class="battle-history">Turn 124</h2><div class="spacer battle-history"><br></div><div class="battle-history">giara ★_★ withdrew Umbreon!<br></div><div class="battle-history">giara ★_★ sent out <strong>Snorlax</strong>!<br></div><div class="spacer battle-history"><br></div><div class="battle-history">Quagsex is fast asleep.<br></div><div class="spacer battle-history"><br></div><div class="battle-history"><small>The opposing Snorlax restored a little HP using its Leftovers!</small><br></div><div class="spacer battle-history"><br></div><h2 class="battle-history">Turn 125</h2><div class="spacer battle-history"><br></div><div class="battle-history">Quagsex, come back!<br></div><div class="battle-history">Go! uber (<strong>Snorlax</strong>)!<br></div><div class="spacer battle-history"><br></div><div class="battle-history">The opposing Snorlax used <strong>Belly Drum</strong>!<br></div><div class="battle-history"><small>(In Gen 2, Belly Drum boosts by 2 when it fails.)</small><br></div><div class="battle-history"><small>But it failed!</small><br></div><div class="spacer battle-history"><br></div><div class="battle-history"><small>The opposing Snorlax restored a little HP using its Leftovers!</small><br></div><div class="spacer battle-history"><br></div><h2 class="battle-history">Turn 126</h2><div class="spacer battle-history"><br></div><div class="battle-history"><small>uber woke up!</small><br></div><div class="spacer battle-history"><br></div><div class="battle-history">uber used <strong>Curse</strong>!<br></div><div class="battle-history"><small>uber's Speed fell!</small><br></div><div class="battle-history"><small>uber's Attack rose!</small><br></div><div class="battle-history"><small>uber's Defense rose!</small><br></div><div class="spacer battle-history"><br></div><div class="battle-history">The opposing Snorlax is paralyzed! It can't move!<br></div><div class="spacer battle-history"><br></div><div class="battle-history"><small>The opposing Snorlax restored a little HP using its Leftovers!</small><br></div><div class="spacer battle-history"><br></div><h2 class="battle-history">Turn 127</h2><div class="spacer battle-history"><br></div><div class="battle-history">giara ★_★ withdrew Snorlax!<br></div><div class="battle-history">giara ★_★ sent out <strong>Umbreon</strong>!<br></div><div class="spacer battle-history"><br></div><div class="battle-history">uber used <strong>Curse</strong>!<br></div><div class="battle-history"><small>uber's Speed fell!</small><br></div><div class="battle-history"><small>uber's Attack rose!</small><br></div><div class="battle-history"><small>uber's Defense rose!</small><br></div><div class="spacer battle-history"><br></div><h2 class="battle-history">Turn 128</h2><div class="spacer battle-history"><br></div><div class="battle-history">uber used <strong>Body Slam</strong>!<br></div><div class="battle-history"><small>(The opposing Umbreon lost <abbr title="−199/393">50.6%</abbr> of its health!)</small><br></div><div class="spacer battle-history"><br></div><div class="battle-history">The opposing Umbreon is paralyzed! It can't move!<br></div><div class="spacer battle-history"><br></div><div class="battle-history"><small>The opposing Umbreon restored a little HP using its Leftovers!</small><br></div><div class="spacer battle-history"><br></div><h2 class="battle-history">Turn 129</h2><div class="spacer battle-history"><br></div><div class="battle-history">uber used <strong>Body Slam</strong>!<br></div><div class="battle-history"><small>(The opposing Umbreon lost <abbr title="−201/393">51.1%</abbr> of its health!)</small><br></div><div class="spacer battle-history"><br></div><div class="battle-history">The opposing Umbreon used <strong>Charm</strong>!<br></div><div class="battle-history"><small>uber's Attack fell harshly!</small><br></div><div class="spacer battle-history"><br></div><div class="battle-history"><small>The opposing Umbreon restored a little HP using its Leftovers!</small><br></div><div class="spacer battle-history"><br></div><h2 class="battle-history">Turn 130</h2><div class="spacer battle-history"><br></div><div class="battle-history">giara ★_★ withdrew Umbreon!<br></div><div class="battle-history">giara ★_★ sent out <strong>Zapdos</strong>!<br></div><div class="spacer battle-history"><br></div><div class="battle-history">uber used <strong>Body Slam</strong>!<br></div><div class="battle-history"><small>(The opposing Zapdos lost <abbr title="−127/383">33.2%</abbr> of its health!)</small><br></div><div class="battle-history"><small>The opposing Zapdos is paralyzed! It may be unable to move!</small><br></div><div class="spacer battle-history"><br></div><div class="battle-history"><small>The opposing Zapdos restored a little HP using its Leftovers!</small><br></div><div class="spacer battle-history"><br></div><h2 class="battle-history">Turn 131</h2><div class="spacer battle-history"><br></div><div class="battle-history">uber used <strong>Curse</strong>!<br></div><div class="battle-history"><small>uber's Speed fell!</small><br></div><div class="battle-history"><small>uber's Attack rose!</small><br></div><div class="battle-history"><small>uber's Defense rose!</small><br></div><div class="spacer battle-history"><br></div><div class="battle-history">The opposing Zapdos is paralyzed! It can't move!<br></div><div class="spacer battle-history"><br></div><div class="battle-history"><small>The opposing Zapdos restored a little HP using its Leftovers!</small><br></div><div class="spacer battle-history"><br></div><h2 class="battle-history">Turn 132</h2><div class="spacer battle-history"><br></div><div class="battle-history">The opposing Zapdos used <strong>Thunder</strong>!<br></div><div class="battle-history"><small>(uber lost <abbr title="−144/499">28.9%</abbr> of its health!)</small><br></div><div class="spacer battle-history"><br></div><div class="battle-history">uber used <strong>Body Slam</strong>!<br></div><div class="battle-history"><small>(The opposing Zapdos lost <abbr title="−168/383">43.9%</abbr> of its health!)</small><br></div><div class="spacer battle-history"><br></div><div class="battle-history">The opposing Zapdos fainted!<br></div><div class="spacer battle-history"><br></div><div class="battle-history">giara ★_★ sent out <strong>Raikou</strong>!<br></div><div class="spacer battle-history"><br></div><div class="battle-history"><small>The opposing Raikou restored a little HP using its Leftovers!</small><br></div><div class="battle-history"><small>uber restored a little HP using its Leftovers!</small><br></div><div class="spacer battle-history"><br></div><h2 class="battle-history">Turn 133</h2><div class="spacer battle-history"><br></div><div class="battle-history">The opposing Raikou used <strong>Reflect</strong>!<br></div><div class="battle-history"><small>Reflect made the opposing team stronger against physical moves!</small><br></div><div class="spacer battle-history"><br></div><div class="battle-history">uber used <strong>Body Slam</strong>!<br></div><div class="battle-history"><small>(The opposing Raikou lost <abbr title="−99/383">25.8%</abbr> of its health!)</small><br></div><div class="spacer battle-history"><br></div><div class="battle-history"><small>The opposing Raikou restored a little HP using its Leftovers!</small><br></div><div class="battle-history"><small>uber restored a little HP using its Leftovers!</small><br></div><div class="spacer battle-history"><br></div><h2 class="battle-history">Turn 134</h2><div class="spacer battle-history"><br></div><div class="battle-history">uber used <strong>Body Slam</strong>!<br></div><div class="battle-history"><small>(The opposing Raikou lost <abbr title="−91/383">23.8%</abbr> of its health!)</small><br></div><div class="spacer battle-history"><br></div><div class="battle-history">The opposing Raikou is paralyzed! It can't move!<br></div><div class="spacer battle-history"><br></div><div class="battle-history"><small>The opposing Raikou restored a little HP using its Leftovers!</small><br></div><div class="battle-history"><small>uber restored a little HP using its Leftovers!</small><br></div><div class="spacer battle-history"><br></div><h2 class="battle-history">Turn 135</h2><div class="spacer battle-history"><br></div><div class="battle-history">The opposing Raikou used <strong>Rest</strong>!<br></div><div class="battle-history"><small>The opposing Raikou fell asleep!</small><br></div><div class="battle-history"><small>The opposing Raikou slept and became healthy!</small><br></div><div class="spacer battle-history"><br></div><div class="battle-history">uber used <strong>Body Slam</strong>!<br></div><div class="battle-history"><small>(The opposing Raikou lost <abbr title="−89/383">23.2%</abbr> of its health!)</small><br></div><div class="spacer battle-history"><br></div><div class="battle-history"><small>The opposing Raikou restored a little HP using its Leftovers!</small><br></div><div class="battle-history"><small>uber restored a little HP using its Leftovers!</small><br></div><div class="spacer battle-history"><br></div><h2 class="battle-history">Turn 136</h2><div class="spacer battle-history"><br></div><div class="battle-history">uber used <strong>Body Slam</strong>!<br></div><div class="battle-history"><small>(The opposing Raikou lost <abbr title="−103/383">26.9%</abbr> of its health!)</small><br></div><div class="spacer battle-history"><br></div><div class="battle-history">The opposing Raikou is fast asleep.<br></div><div class="spacer battle-history"><br></div><div class="battle-history"><small>The opposing Raikou restored a little HP using its Leftovers!</small><br></div><div class="battle-history"><small>uber restored a little HP using its Leftovers!</small><br></div><div class="spacer battle-history"><br></div><h2 class="battle-history">Turn 137</h2><div class="spacer battle-history"><br></div><div class="battle-history">uber used <strong>Body Slam</strong>!<br></div><div class="battle-history"><small>(The opposing Raikou lost <abbr title="−97/383">25.3%</abbr> of its health!)</small><br></div><div class="spacer battle-history"><br></div><div class="battle-history">The opposing Raikou is fast asleep.<br></div><div class="spacer battle-history"><br></div><div class="battle-history"><small>The opposing Raikou restored a little HP using its Leftovers!</small><br></div><div class="battle-history"><small>The opposing team's Reflect wore off!</small><br></div><div class="spacer battle-history"><br></div><h2 class="battle-history">Turn 138</h2><div class="spacer battle-history"><br></div><div class="battle-history"><small>The opposing Raikou woke up!</small><br></div><div class="spacer battle-history"><br></div><div class="battle-history">The opposing Raikou used <strong>Reflect</strong>!<br></div><div class="battle-history"><small>Reflect made the opposing team stronger against physical moves!</small><br></div><div class="spacer battle-history"><br></div><div class="battle-history">uber used <strong>Body Slam</strong>!<br></div><div class="battle-history"><small>(The opposing Raikou lost <abbr title="−99/383">25.8%</abbr> of its health!)</small><br></div><div class="spacer battle-history"><br></div><div class="battle-history"><small>The opposing Raikou restored a little HP using its Leftovers!</small><br></div><div class="spacer battle-history"><br></div><h2 class="battle-history">Turn 139</h2><div class="spacer battle-history"><br></div><div class="battle-history">uber, come back!<br></div><div class="battle-history">Go! Quagsex (<strong>Quagsire</strong>)!<br></div><div class="spacer battle-history"><br></div><div class="battle-history">The opposing Raikou used <strong>Rest</strong>!<br></div><div class="battle-history"><small>The opposing Raikou fell asleep!</small><br></div><div class="battle-history"><small>The opposing Raikou slept and became healthy!</small><br></div><div class="spacer battle-history"><br></div><h2 class="battle-history">Turn 140</h2><div class="spacer battle-history"><br></div><div class="battle-history">giara ★_★ withdrew Raikou!<br></div><div class="battle-history">giara ★_★ sent out <strong>Snorlax</strong>!<br></div><div class="spacer battle-history"><br></div><div class="battle-history">Quagsex is fast asleep.<br></div><div class="spacer battle-history"><br></div><div class="battle-history"><small>The opposing Snorlax restored a little HP using its Leftovers!</small><br></div><div class="spacer battle-history"><br></div><h2 class="battle-history">Turn 141</h2><div class="spacer battle-history"><br></div><div class="battle-history">Quagsex, come back!<br></div><div class="battle-history">Go! Tyranisex (<strong>Tyranitar</strong>)!<br></div><div class="battle-history"><small>Tyranisex was hurt by poison!</small><br></div><div class="spacer battle-history"><br></div><div class="battle-history">The opposing Snorlax is paralyzed! It can't move!<br></div><div class="spacer battle-history"><br></div><div class="battle-history"><small>Tyranisex restored a little HP using its Leftovers!</small><br></div><div class="battle-history"><small>The opposing Snorlax restored a little HP using its Leftovers!</small><br></div><div class="spacer battle-history"><br></div><h2 class="battle-history">Turn 142</h2><div class="spacer battle-history"><br></div><div class="battle-history">Tyranisex used <strong>Pursuit</strong>!<br></div><div class="battle-history"><small>(The opposing Snorlax lost <abbr title="−47/523">9.0%</abbr> of its health!)</small><br></div><div class="battle-history"><small>Tyranisex was hurt by poison!</small><br></div><div class="spacer battle-history"><br></div><div class="battle-history">The opposing Snorlax used <strong>Return</strong>!<br></div><div class="battle-history"><small>It's not very effective...</small><br></div><div class="battle-history"><small>(Tyranisex lost <abbr title="−63/403">15.6%</abbr> of its health!)</small><br></div><div class="spacer battle-history"><br></div><div class="battle-history"><small>Tyranisex restored a little HP using its Leftovers!</small><br></div><div class="battle-history"><small>The opposing Snorlax restored a little HP using its Leftovers!</small><br></div><div class="battle-history"><small>The opposing team's Reflect wore off!</small><br></div><div class="spacer battle-history"><br></div><h2 class="battle-history">Turn 143</h2><div class="spacer battle-history"><br></div><div class="battle-history">Tyranisex used <strong>Rock Slide</strong>!<br></div><div class="battle-history"><small>The opposing Snorlax avoided the attack!</small><br></div><div class="battle-history"><small>Tyranisex was hurt by poison!</small><br></div><div class="spacer battle-history"><br></div><div class="battle-history">The opposing Snorlax is paralyzed! It can't move!<br></div><div class="spacer battle-history"><br></div><div class="battle-history"><small>Tyranisex restored a little HP using its Leftovers!</small><br></div><div class="battle-history"><small>The opposing Snorlax restored a little HP using its Leftovers!</small><br></div><div class="spacer battle-history"><br></div><h2 class="battle-history">Turn 144</h2><div class="spacer battle-history"><br></div><div class="battle-history">Tyranisex used <strong>Rock Slide</strong>!<br></div><div class="battle-history"><small>(The opposing Snorlax lost <abbr title="−144/523">27.5%</abbr> of its health!)</small><br></div><div class="battle-history"><small>Tyranisex was hurt by poison!</small><br></div><div class="spacer battle-history"><br></div><div class="battle-history">The opposing Snorlax used <strong>Return</strong>!<br></div><div class="battle-history"><small>It's not very effective...</small><br></div><div class="battle-history"><small>(Tyranisex lost <abbr title="−34/403">8.4%</abbr> of its health!)</small><br></div><div class="spacer battle-history"><br></div><div class="battle-history">Tyranisex fainted!<br></div><div class="spacer battle-history"><br></div><div class="battle-history">Go! Quagsex (<strong>Quagsire</strong>)!<br></div><div class="spacer battle-history"><br></div><div class="battle-history"><small>The opposing Snorlax restored a little HP using its Leftovers!</small><br></div><div class="spacer battle-history"><br></div><h2 class="battle-history">Turn 145</h2><div class="spacer battle-history"><br></div><div class="battle-history"><small>Quagsex woke up!</small><br></div><div class="spacer battle-history"><br></div><div class="battle-history">Quagsex used <strong>Belly Drum</strong>!<br></div><div class="battle-history"><small>(Quagsex lost <abbr title="−196/393">49.9%</abbr> of its health!)</small><br></div><div class="battle-history"><small>Quagsex cut its own HP and maximized its Attack!</small><br></div><div class="spacer battle-history"><br></div><div class="battle-history">The opposing Snorlax is paralyzed! It can't move!<br></div><div class="spacer battle-history"><br></div><div class="battle-history"><small>Quagsex restored a little HP using its Leftovers!</small><br></div><div class="battle-history"><small>The opposing Snorlax restored a little HP using its Leftovers!</small><br></div><div class="spacer battle-history"><br></div><h2 class="battle-history">Turn 146</h2><div class="spacer battle-history"><br></div><div class="battle-history">The opposing Snorlax is paralyzed! It can't move!<br></div><div class="spacer battle-history"><br></div><div class="battle-history">Quagsex used <strong>Earthquake</strong>!<br></div><div class="battle-history"><small>(The opposing Snorlax lost <abbr title="−292/523">55.8%</abbr> of its health!)</small><br></div><div class="spacer battle-history"><br></div><div class="battle-history">The opposing Snorlax fainted!<br></div><div class="spacer battle-history"><br></div><div class="battle-history">giara ★_★ sent out <strong>Umbreon</strong>!<br></div><div class="spacer battle-history"><br></div><div class="battle-history"><small>Quagsex restored a little HP using its Leftovers!</small><br></div><div class="battle-history"><small>The opposing Umbreon restored a little HP using its Leftovers!</small><br></div><div class="spacer battle-history"><br></div><h2 class="battle-history">Turn 147</h2><div class="spacer battle-history"><br></div><div class="battle-history">Quagsex used <strong>Earthquake</strong>!<br></div><div class="battle-history"><small>(The opposing Umbreon lost <abbr title="−65/393">16.5%</abbr> of its health!)</small><br></div><div class="spacer battle-history"><br></div><div class="battle-history">The opposing Umbreon fainted!<br></div><div class="spacer battle-history"><br></div><div class="battle-history">giara ★_★ sent out <strong>Raikou</strong>!<br></div><div class="spacer battle-history"><br></div><div class="battle-history"><small>Quagsex restored a little HP using its Leftovers!</small><br></div><div class="spacer battle-history"><br></div><h2 class="battle-history">Turn 148</h2><div class="spacer battle-history"><br></div><div class="battle-history">The opposing Raikou is fast asleep.<br></div><div class="spacer battle-history"><br></div><div class="battle-history">Quagsex used <strong>Earthquake</strong>!<br></div><div class="battle-history"><small>It's super effective!</small><br></div><div class="battle-history"><small>(The opposing Raikou lost <abbr title="−383/383">100%</abbr> of its health!)</small><br></div><div class="spacer battle-history"><br></div><div class="battle-history">The opposing Raikou fainted!<br></div><div class="spacer battle-history"><br></div><div class="battle-history"><strong>Mr.E</strong> won the battle!<br></div></div><div class="inner-preempt"></div></div></div>
</div>
<script>
let daily = Math.floor(Date.now()/1000/60/60/24);document.write('<script src="https://play.pokemonshowdown.com/js/replay-embed.js?version'+daily+'"></'+'script>');
</script>
