<!DOCTYPE html>
<meta charset="utf-8" />
<!-- version 1 -->
<title>[Gen 2] OU replay: Fear vs. B KC</title>
<style>
html,body {font-family:Verdana, sans-serif;font-size:10pt;margin:0;padding:0;}body{padding:12px 0;} .battle-log {font-family:Verdana, sans-serif;font-size:10pt;} .battle-log-inline {border:1px solid #AAAAAA;background:#EEF2F5;color:black;max-width:640px;margin:0 auto 80px;padding-bottom:5px;} .battle-log .inner {padding:4px 8px 0px 8px;} .battle-log .inner-preempt {padding:0 8px 4px 8px;} .battle-log .inner-after {margin-top:0.5em;} .battle-log h2 {margin:0.5em -8px;padding:4px 8px;border:1px solid #AAAAAA;background:#E0E7EA;border-left:0;border-right:0;font-family:Verdana, sans-serif;font-size:13pt;} .battle-log .chat {vertical-align:middle;padding:3px 0 3px 0;font-size:8pt;} .battle-log .chat strong {color:#40576A;} .battle-log .chat em {padding:1px 4px 1px 3px;color:#000000;font-style:normal;} .chat.mine {background:rgba(0,0,0,0.05);margin-left:-8px;margin-right:-8px;padding-left:8px;padding-right:8px;} .spoiler {color:#BBBBBB;background:#BBBBBB;padding:0px 3px;} .spoiler:hover, .spoiler:active, .spoiler-shown {color:#000000;background:#E2E2E2;padding:0px 3px;} .spoiler a {color:#BBBBBB;} .spoiler:hover a, .spoiler:active a, .spoiler-shown a {color:#2288CC;} .chat code, .chat .spoiler:hover code, .chat .spoiler:active code, .chat .spoiler-shown code {border:1px solid #C0C0C0;background:#EEEEEE;color:black;padding:0 2px;} .chat .spoiler code {border:1px solid #CCCCCC;background:#CCCCCC;color:#CCCCCC;} .battle-log .rated {padding:3px 4px;} .battle-log .rated strong {color:white;background:#89A;padding:1px 4px;border-radius:4px;} .spacer {margin-top:0.5em;} .message-announce {background:#6688AA;color:white;padding:1px 4px 2px;} .message-announce a, .broadcast-green a, .broadcast-blue a, .broadcast-red a {color:#DDEEFF;} .broadcast-green {background-color:#559955;color:white;padding:2px 4px;} .broadcast-blue {background-color:#6688AA;color:white;padding:2px 4px;} .infobox {border:1px solid #6688AA;padding:2px 4px;} .infobox-limited {max-height:200px;overflow:auto;overflow-x:hidden;} .broadcast-red {background-color:#AA5544;color:white;padding:2px 4px;} .message-learn-canlearn {font-weight:bold;color:#228822;text-decoration:underline;} .message-learn-cannotlearn {font-weight:bold;color:#CC2222;text-decoration:underline;} .message-effect-weak {font-weight:bold;color:#CC2222;} .message-effect-resist {font-weight:bold;color:#6688AA;} .message-effect-immune {font-weight:bold;color:#666666;} .message-learn-list {margin-top:0;margin-bottom:0;} .message-throttle-notice, .message-error {color:#992222;} .message-overflow, .chat small.message-overflow {font-size:0pt;} .message-overflow::before {font-size:9pt;content:'...';} .subtle {color:#3A4A66;}
</style>
<div class="wrapper replay-wrapper" style="max-width:1180px;margin:0 auto">
<input type="hidden" name="replayid" value="smogtours-gen2ou-238300" />
<div class="battle"></div><div class="battle-log"></div><div class="replay-controls"></div><div class="replay-controls-2"></div>
<h1 style="font-weight:normal;text-align:center"><strong>[Gen 2] OU</strong><br /><a href="http://pokemonshowdown.com/users/fear" class="subtle" target="_blank">Fear</a> vs. <a href="http://pokemonshowdown.com/users/bkc" class="subtle" target="_blank">B KC</a></h1>
<script type="text/plain" class="battle-log-data">|inactive|Battle timer is ON: inactive players will automatically lose when time's up.
|J|Fear
|J|B KC
|player|p1|Fear|238
|player|p2|B KC|#bkc
|gametype|singles
|gen|2
|tier|[Gen 2] OU
|seed|12780,27500,30580,22369
|rule|Sleep Clause Mod: Limit one foe put to sleep
|rule|Species Clause: Limit one of each Pokémon
|rule|OHKO Clause: OHKO moves are banned
|rule|Evasion Moves Clause: Evasion moves are banned
|rule|HP Percentage Mod: HP is shown in percentages
|
|start
|switch|p1a: Snorlax|Snorlax, M|523\/523
|switch|p2a: Varpulis|Raikou|383\/383
|turn|1
|J|MegaStarUniverse
|J|TSR
|J|Diegolh
|J|Bughouse
|J|trc
|J|McMeghan
|c|★B KC|gl man
|J|Ojama
|J|kratosmana♪
|J|TDK
|J|bro fist
|J|FLCL
|J|Pearl
|J|Jimmy Turtwig
|c|%kratosmana♪|BKC
|J|epic4eternity
|c|★Fear|you too
|J|boudouche
|J|zubatgirl7
|J|rozes
|J|Syl♥ie Lyyneheym
|J|Isa
|raw|<div class="broadcast-red"><b>Moderated chat was set to @!<\/b><br \/>Only users of rank @ and higher can talk.<\/div>
|J|Peasounay
|J|ABR
|J|Rewer
|J|miltankmilk
|J|Drampaage
|J|CrashinBoomBang
|J|SweetPosho
|J|obii°
|J|richrichricher
|J|Asuk4
|J|adracman42
|J|tamahome
|J|your hand in mine
|J|Flaress
|J|dice
|choice|move doubleedge|move reflect
|
|move|p2a: Varpulis|Reflect|p2a: Varpulis
|-sidestart|p2: B KC|Reflect
|move|p1a: Snorlax|Double-Edge|p2a: Varpulis
|-damage|p2a: Varpulis|294\/383
|-damage|p1a: Snorlax|501\/523|[from] recoil|[of] p2a: Varpulis
|
|-heal|p2a: Varpulis|317\/383|[from] item: Leftovers
|-heal|p1a: Snorlax|523\/523|[from] item: Leftovers
|upkeep
|turn|2
|J|syncrasy
|J|Mazary
|J|craing
|J|Vai Lusa
|J|SOULWIND❄
|J|qsns
|J|Bouff
|J|stay w0ke
|J|hairy toenail.
|J|The real UD
|J|Void
|choice|move doubleedge|move roar
|
|move|p1a: Snorlax|Double-Edge|p2a: Varpulis
|-damage|p2a: Varpulis|221\/383
|-damage|p1a: Snorlax|499\/523|[from] recoil|[of] p2a: Varpulis
|move|p2a: Varpulis|Roar|p1a: Snorlax
|drag|p1a: Tentacruel|Tentacruel, M|363\/363
|
|-heal|p2a: Varpulis|244\/383|[from] item: Leftovers
|upkeep
|turn|3
|c|★B KC|ah
|J|R!cardo
|J|dekzeh
|c|★B KC|I see
|J|Analytic
|J|Ununhexium
|J|Ciele
|choice|switch 6|move roar
|
|switch|p1a: Snorlax|Snorlax, M|499\/523
|move|p2a: Varpulis|Roar|p1a: Snorlax
|drag|p1a: Tentacruel|Tentacruel, M|363\/363
|
|-heal|p2a: Varpulis|267\/383|[from] item: Leftovers
|upkeep
|turn|4
|L|Analytic
|choice|switch 6|move roar
|
|switch|p1a: Snorlax|Snorlax, M|499\/523
|move|p2a: Varpulis|Roar|p1a: Snorlax
|drag|p1a: Umbreon|Umbreon, M|393\/393
|
|-heal|p2a: Varpulis|290\/383|[from] item: Leftovers
|upkeep
|turn|5
|J|aqqq
|J|hyogafodex
|choice|move zapcannon|move thunder
|
|move|p2a: Varpulis|Thunder|p1a: Umbreon|[miss]
|-miss|p2a: Varpulis|p1a: Umbreon
|move|p1a: Umbreon|Zap Cannon|p2a: Varpulis|[miss]
|-miss|p1a: Umbreon|p2a: Varpulis
|
|-heal|p2a: Varpulis|313\/383|[from] item: Leftovers
|-sideend|p2: B KC|Reflect
|upkeep
|turn|6
|L|miltankmilk
|J|Mr.E
|J|GreenGogoatttt
|J|LUCK>SKILL
|J|Frexa ~✘~✘
|L|aqqq
|J|Dracoyoshi8
|choice|move pursuit|move thunder
|
|move|p2a: Varpulis|Thunder|p1a: Umbreon
|-damage|p1a: Umbreon|274\/393
|move|p1a: Umbreon|Pursuit|p2a: Varpulis
|-damage|p2a: Varpulis|274\/383
|
|-heal|p2a: Varpulis|297\/383|[from] item: Leftovers
|-heal|p1a: Umbreon|298\/393|[from] item: Leftovers
|upkeep
|turn|7
|choice|move zapcannon|move thunder
|
|move|p2a: Varpulis|Thunder|p1a: Umbreon|[miss]
|-miss|p2a: Varpulis|p1a: Umbreon
|move|p1a: Umbreon|Zap Cannon|p2a: Varpulis
|-resisted|p2a: Varpulis
|-damage|p2a: Varpulis|267\/383
|-status|p2a: Varpulis|par
|
|-heal|p1a: Umbreon|322\/393|[from] item: Leftovers
|-heal|p2a: Varpulis|290\/383 par|[from] item: Leftovers
|upkeep
|turn|8
|J|BLINGAS
|choice|switch 3|move reflect
|
|switch|p1a: Snorlax|Snorlax, M|499\/523
|cant|p2: Varpulis|par
|
|-heal|p1a: Snorlax|523\/523|[from] item: Leftovers
|-heal|p2a: Varpulis|313\/383 par|[from] item: Leftovers
|upkeep
|turn|9
|J|teal6
|J|yohoE
|J|Finchinator
|J|Gunner Rohan
|choice|move curse|switch 2
|
|switch|p2a: As-Iga|Cloyster, M|303\/303
|move|p1a: Snorlax|Curse|p1a: Snorlax
|-unboost|p1a: Snorlax|spe|1
|-boost|p1a: Snorlax|atk|1
|-boost|p1a: Snorlax|def|1
|
|upkeep
|turn|10
|J|Mr.378
|J|ice cold smoke
|J|august
|choice|move curse|move toxic
|
|move|p2a: As-Iga|Toxic|p1a: Snorlax
|-status|p1a: Snorlax|tox
|move|p1a: Snorlax|Curse|p1a: Snorlax
|-unboost|p1a: Snorlax|spe|1
|-boost|p1a: Snorlax|atk|1
|-boost|p1a: Snorlax|def|1
|-damage|p1a: Snorlax|491\/523 tox|[from] tox|[of] p2a: As-Iga
|
|-heal|p1a: Snorlax|523\/523 tox|[from] item: Leftovers
|upkeep
|turn|11
|J|Soruxt
|J|Serpi386
|J|GaryTheGengar
|J|Raiza
|J|The Idiot Ninja
|choice|move doubleedge|move spikes
|
|move|p2a: As-Iga|Spikes|p1a: Snorlax
|-sidestart|p1: Fear|Spikes
|move|p1a: Snorlax|Double-Edge|p2a: As-Iga
|-damage|p2a: As-Iga|118\/303
|-damage|p1a: Snorlax|477\/523 tox|[from] recoil|[of] p2a: As-Iga
|-damage|p1a: Snorlax|413\/523 tox|[from] tox|[of] p2a: As-Iga
|
|-heal|p2a: As-Iga|136\/303|[from] item: Leftovers
|-heal|p1a: Snorlax|445\/523 tox|[from] item: Leftovers
|upkeep
|turn|12
|L|MegaStarUniverse
|J|atomicllamas ☾
|J|MegaStarUniverse
|choice|move doubleedge|switch 4
|
|switch|p2a: Koschei|Tyranitar, M|403\/403
|move|p1a: Snorlax|Double-Edge|p2a: Koschei
|-resisted|p2a: Koschei
|-damage|p2a: Koschei|261\/403
|-damage|p1a: Snorlax|410\/523 tox|[from] recoil|[of] p2a: Koschei
|-damage|p1a: Snorlax|314\/523 tox|[from] tox|[of] p2a: Koschei
|
|-heal|p2a: Koschei|286\/403|[from] item: Leftovers
|-heal|p1a: Snorlax|346\/523 tox|[from] item: Leftovers
|upkeep
|turn|13
|J|Marlon Brando
|L|richrichricher
|choice|move rest|switch 5
|
|switch|p2a: Triglav|Exeggutor, M|393\/393
|move|p1a: Snorlax|Rest|p1a: Snorlax
|-status|p1: Snorlax|slp
|-heal|p1a: Snorlax|523\/523 slp|[silent]
|-status|p1a: Snorlax|slp|[from] move: Rest
|
|upkeep
|turn|14
|J|Tobes
|J|pingu~the-king
|J|p2
|J|zebraiken
|J|Conflict
|c|★Fear|nice, i pseudo scouted myself :-)
|J|NightFoxx.
|c|★B KC|tru
|c|★Fear|roar is for the weak!
|choice|move doubleedge|switch 5
|
|switch|p2a: Koschei|Tyranitar, M|286\/403
|cant|p1: Snorlax|slp
|
|-heal|p2a: Koschei|311\/403|[from] item: Leftovers
|upkeep
|turn|15
|c|★B KC|hey thats pretty rude
|L|The Idiot Ninja
|J|richrichricher
|choice|move doubleedge|move roar
|
|cant|p1: Snorlax|slp
|move|p2a: Koschei|Roar|p1a: Snorlax
|drag|p1a: Zapdos|Zapdos|383\/383
|
|-heal|p2a: Koschei|336\/403|[from] item: Leftovers
|upkeep
|turn|16
|c|@rozes|weak.
|c|★B KC|Your weak
|J|Lcans✘
|J|The Idiot Ninja
|J|Navy V3
|L|richrichricher
|J|Z✘n✘ai✘n
|c|★B KC|i know, peasounay
|c|★B KC|i know.
|J|richrichricher
|choice|switch 2|move rockslide
|
|switch|p1a: Snorlax|Snorlax, M|523\/523 slp
|-damage|p1a: Snorlax|458\/523 slp|[from] Spikes
|move|p2a: Koschei|Rock Slide|p1a: Snorlax
|-damage|p1a: Snorlax|307\/523 slp
|
|-heal|p2a: Koschei|361\/403|[from] item: Leftovers
|-heal|p1a: Snorlax|339\/523 slp|[from] item: Leftovers
|upkeep
|turn|17
|J|madoka一生
|c|★B KC|to emphasize the B, dice
|choice|switch 5|move rockslide
|
|switch|p1a: Cloyster|Cloyster, M|287\/287
|-damage|p1a: Cloyster|252\/287|[from] Spikes
|move|p2a: Koschei|Rock Slide|p1a: Cloyster
|-supereffective|p1a: Cloyster
|-damage|p1a: Cloyster|108\/287
|
|-heal|p1a: Cloyster|125\/287|[from] item: Leftovers
|-heal|p2a: Koschei|386\/403|[from] item: Leftovers
|upkeep
|turn|18
|J|Advantage
|J|Freeroamer
|J|JabbaTheGriffin
|J|Quint
|J|mbaddy
|L|richrichricher
|choice|move spikes|move rockslide
|
|move|p1a: Cloyster|Spikes|p2a: Koschei
|-sidestart|p2: B KC|Spikes
|move|p2a: Koschei|Rock Slide|p1a: Cloyster
|-crit|p1a: Cloyster
|-supereffective|p1a: Cloyster
|-damage|p1a: Cloyster|0 fnt
|faint|p1a: Cloyster
|J|richrichricher
|choice|switch 4|
|
|switch|p1a: Steelix|Steelix, M|353\/353
|-damage|p1a: Steelix|309\/353|[from] Spikes
|
|-heal|p2a: Koschei|403\/403|[from] item: Leftovers
|-heal|p1a: Steelix|331\/353|[from] item: Leftovers
|upkeep
|turn|19
|L|Mazary
|J|GOAO
|J|Lady Schala
|choice|move roar|move fireblast
|
|move|p2a: Koschei|Fire Blast|p1a: Steelix
|-supereffective|p1a: Steelix
|-damage|p1a: Steelix|109\/353
|-status|p1a: Steelix|brn
|move|p1a: Steelix|Roar|p2a: Koschei
|drag|p2a: Varpulis|Raikou|313\/383 par
|-damage|p1a: Steelix|65\/353 brn|[from] brn|[of] p2: Koschei
|-damage|p2a: Varpulis|266\/383 par|[from] Spikes
|
|-heal|p1a: Steelix|87\/353 brn|[from] item: Leftovers
|-heal|p2a: Varpulis|289\/383 par|[from] item: Leftovers
|upkeep
|turn|20
|L|Lady Schala
|J|trash
|J|We Three Kings
|J|Enki
|J|ETERNAL SPIRIT ☀
|J|marcop9923
|L|marcop9923
|J|Mazary
|choice|move explosion|switch 5
|
|switch|p2a: Triglav|Exeggutor, M|393\/393
|-damage|p2a: Triglav|344\/393|[from] Spikes
|move|p1a: Steelix|Explosion|p2a: Triglav
|-damage|p2a: Triglav|133\/393
|faint|p1a: Steelix
|choice|switch 3|
|
|switch|p1a: Umbreon|Umbreon, M|322\/393
|-damage|p1a: Umbreon|273\/393|[from] Spikes
|
|-heal|p1a: Umbreon|297\/393|[from] item: Leftovers
|-heal|p2a: Triglav|157\/393|[from] item: Leftovers
|upkeep
|turn|21
|J|Love&Drugs
|J|Eo
|L|richrichricher
|J|richrichricher
|J|KyleCole
|J|THE PDC SHOW
|L|Mazary
|J|Hootie
|J|Mazary
|L|Ununhexium
|J|Bushtush
|J|Nails ☎ ☎
|L|boudouche
|J|boudouche
|L|Mazary
|J|jason genova fl
|J|Frochtejoghurt
|L|ETERNAL SPIRIT ☀
|choice|move pursuit|move explosion
|
|move|p1a: Umbreon|Pursuit|p2a: Triglav
|-supereffective|p2a: Triglav
|-damage|p2a: Triglav|60\/393
|move|p2a: Triglav|Explosion|p1a: Umbreon
|-damage|p1a: Umbreon|0 fnt
|faint|p1a: Umbreon
|faint|p2a: Triglav
|J|ETERNAL SPIRIT ☀
|J|Saample Teams
|J|VolcanoHeadYT
|choice|switch 6|switch 3
|
|switch|p1a: Tentacruel|Tentacruel, M|363\/363
|switch|p2a: Rod|Snorlax, M|523\/523
|-damage|p1a: Tentacruel|318\/363|[from] Spikes
|-damage|p2a: Rod|458\/523|[from] Spikes
|
|-heal|p1a: Tentacruel|340\/363|[from] item: Leftovers
|-heal|p2a: Rod|490\/523|[from] item: Leftovers
|upkeep
|turn|22
|J|Rampecker
|J|Contacting
|J|Dokkerich
|L|richrichricher
|J|valentine ❤❄
|J|Subject 18
|J|Genesis7
|J|Nintendi
|choice|move swordsdance|move curse
|
|move|p1a: Tentacruel|Swords Dance|p1a: Tentacruel
|-boost|p1a: Tentacruel|atk|2
|move|p2a: Rod|Curse|p2a: Rod
|-unboost|p2a: Rod|spe|1
|-boost|p2a: Rod|atk|1
|-boost|p2a: Rod|def|1
|
|-heal|p1a: Tentacruel|362\/363|[from] item: Leftovers
|-heal|p2a: Rod|522\/523|[from] item: Leftovers
|upkeep
|turn|23
|J|SamVGC ✿
|J|iloveleague
|L|valentine ❤❄
|J|Magellan
|choice|move sludgebomb|move curse
|
|move|p1a: Tentacruel|Sludge Bomb|p2a: Rod
|-damage|p2a: Rod|364\/523
|-status|p2a: Rod|psn
|move|p2a: Rod|Curse|p2a: Rod
|-unboost|p2a: Rod|spe|1
|-boost|p2a: Rod|atk|1
|-boost|p2a: Rod|def|1
|-damage|p2a: Rod|299\/523 psn|[from] psn|[of] p1a: Tentacruel
|
|-heal|p1a: Tentacruel|363\/363|[from] item: Leftovers
|-heal|p2a: Rod|331\/523 psn|[from] item: Leftovers
|upkeep
|turn|24
|J|richrichricher
|J|Sam
|J|aydizzle
|J|Salpingitis
|L|Void
|J|Mazary
|choice|move swordsdance|move doubleedge
|
|move|p1a: Tentacruel|Swords Dance|p1a: Tentacruel
|-boost|p1a: Tentacruel|atk|2
|move|p2a: Rod|Double-Edge|p1a: Tentacruel
|-damage|p1a: Tentacruel|0 fnt
|faint|p1a: Tentacruel
|-damage|p2a: Rod|241\/523 psn|[from] recoil|[of] p1: Tentacruel
|L|Genesis7
|choice|switch 5|
|
|switch|p1a: Snorlax|Snorlax, M|339\/523 slp
|-damage|p1a: Snorlax|274\/523 slp|[from] Spikes
|
|-heal|p1a: Snorlax|306\/523 slp|[from] item: Leftovers
|-heal|p2a: Rod|273\/523 psn|[from] item: Leftovers
|upkeep
|turn|25
|L|The Idiot Ninja
|J|groudon518
|L|Saample Teams
|L|Flaress
|J|Flaress
|choice|move curse|move doubleedge
|
|-curestatus|p1a: Snorlax|slp|[msg]
|move|p1a: Snorlax|Curse|p1a: Snorlax
|-unboost|p1a: Snorlax|spe|1
|-boost|p1a: Snorlax|atk|1
|-boost|p1a: Snorlax|def|1
|move|p2a: Rod|Double-Edge|p1a: Snorlax
|-crit|p1a: Snorlax
|-damage|p1a: Snorlax|0 fnt
|faint|p1a: Snorlax
|-damage|p2a: Rod|197\/523 psn|[from] recoil|[of] p1: Snorlax
|J|hellpowna
|J|ImIsaP
|J|Void
|L|Flaress
|L|boudouche
|L|richrichricher
|J|boudouche
|L|BLINGAS
|J|richrichricher
|L|Dokkerich
|L|your hand in mine
|L|KyleCole
|c|★Fear|gg
|J|phantom
|c|★B KC|gg man
|J|The Idiot Ninja
|J|Analytic
|L|Dracoyoshi8
|L|richrichricher
|J|Genesis7
|L|hellpowna
|L|Genesis7
|J|richrichricher
|L|McMeghan
|c|★Fear|that burn completely ruined over my plans.
|c|★B KC|yeah sorry about that one :x
|c|★Fear|its hard to get back in explosion v explosion
|c|★Fear|no worries
|L|iloveleague
|c|★Fear|thats pokemon.
|choice|switch 2|
|
|switch|p1a: Zapdos|Zapdos|383\/383
|
|-heal|p2a: Rod|229\/523 psn|[from] item: Leftovers
|upkeep
|turn|26
|L|Raiza
|choice|move thunder|move rest
|
|move|p1a: Zapdos|Thunder|p2a: Rod
|-damage|p2a: Rod|80\/523 psn
|move|p2a: Rod|Rest|p2a: Rod
|-status|p2: Rod|slp
|-heal|p2a: Rod|523\/523 slp|[silent]
|-status|p2a: Rod|slp|[from] move: Rest
|
|upkeep
|turn|27
|L|Mr.378
|choice|move thunder|move sleeptalk
|
|move|p1a: Zapdos|Thunder|p2a: Rod
|-damage|p2a: Rod|376\/523 slp
|cant|p2: Rod|slp
|move|p2a: Rod|Sleep Talk|p2a: Rod
|move|p2a: Rod|Rest|p2a: Rod|[from]Sleep Talk
|-heal|p2a: Rod|523\/523 slp|[silent]
|-status|p2a: Rod|slp|[from] move: Rest
|
|upkeep
|turn|28
|choice|move thunder|move sleeptalk
|
|move|p1a: Zapdos|Thunder|p2a: Rod
|-damage|p2a: Rod|372\/523 slp
|cant|p2: Rod|slp
|move|p2a: Rod|Sleep Talk|p2a: Rod
|move|p2a: Rod|Curse|p2a: Rod|[from]Sleep Talk
|-unboost|p2a: Rod|spe|1
|-boost|p2a: Rod|atk|1
|-boost|p2a: Rod|def|1
|
|-heal|p2a: Rod|404\/523 slp|[from] item: Leftovers
|upkeep
|turn|29
|L|THE PDC SHOW
|J|Villa
|L|boudouche
|L|zebraiken
|L|ice cold smoke
|L|Mazary
|choice|move thunder|move sleeptalk
|
|move|p1a: Zapdos|Thunder|p2a: Rod
|-damage|p2a: Rod|254\/523 slp
|cant|p2: Rod|slp
|move|p2a: Rod|Sleep Talk|p2a: Rod
|move|p2a: Rod|Rest|p2a: Rod|[from]Sleep Talk
|-heal|p2a: Rod|523\/523 slp|[silent]
|-status|p2a: Rod|slp|[from] move: Rest
|
|upkeep
|turn|30
|J|NicoJS77
|L|Love&Drugs
|choice|move thunder|move sleeptalk
|
|move|p1a: Zapdos|Thunder|p2a: Rod
|-damage|p2a: Rod|376\/523 slp
|cant|p2: Rod|slp
|move|p2a: Rod|Sleep Talk|p2a: Rod
|move|p2a: Rod|Rest|p2a: Rod|[from]Sleep Talk
|-heal|p2a: Rod|523\/523 slp|[silent]
|-status|p2a: Rod|slp|[from] move: Rest
|
|upkeep
|turn|31
|c|★Fear|look at me hitting those thunder
|c|★Fear|i dont want this accuracy
|c|★Fear|go away
|J|Love&Drugs
|c|★B KC|lol
|c|★B KC|true
|choice|move thunder|move sleeptalk
|
|move|p1a: Zapdos|Thunder|p2a: Rod|[miss]
|-miss|p1a: Zapdos|p2a: Rod
|cant|p2: Rod|slp
|move|p2a: Rod|Sleep Talk|p2a: Rod
|move|p2a: Rod|Rest|p2a: Rod|[from]Sleep Talk
|-fail|p2a: Rod
|
|upkeep
|turn|32
|c|★Fear|good
|c|★Fear|karma equalised.
|choice|move thunder|move curse
|
|move|p1a: Zapdos|Thunder|p2a: Rod
|-damage|p2a: Rod|378\/523 slp
|cant|p2: Rod|slp
|
|-heal|p2a: Rod|410\/523 slp|[from] item: Leftovers
|upkeep
|turn|33
|choice|move thunder|move doubleedge
|
|move|p1a: Zapdos|Thunder|p2a: Rod|[miss]
|-miss|p1a: Zapdos|p2a: Rod
|-curestatus|p2a: Rod|slp|[msg]
|move|p2a: Rod|Double-Edge|p1a: Zapdos
|-damage|p1a: Zapdos|0 fnt
|faint|p1a: Zapdos
|
|win|B KC
|-damage|p2a: Rod|315\/523|[from] recoil|[of] p1: Zapdos
|player|p1
|player|p2
|L|Advantage
|L|dekzeh
|L|Pearl
|L|richrichricher
|L|kratosmana♪
|L|Navy V3
|L|The real UD
|L|Analytic
|L|Fear
|L|ABR
|L|Drampaage
|L|rozes
|L|phantom
|L|Tobes
|L|Ciele
|L|LUCK>SKILL
|L|FLCL
|L|The Idiot Ninja
|L|Vai Lusa
|L|Rampecker
|L|jason genova fl
|L|trc
|L|stay w0ke
|L|NightFoxx.
|L|Love&Drugs
|L|Peasounay
|L|Syl♥ie Lyyneheym
|L|trash
|L|TDK
|L|Rewer
|L|craing
|L|Contacting
|L|aydizzle
|L|ETERNAL SPIRIT ☀
|L|obii°
|L|zubatgirl7
|L|Diegolh
|L|GaryTheGengar
|L|B KC
|L|NicoJS77
|L|Quint
|L|hyogafodex
|L|groudon518
|L|SweetPosho
|L|p2
|L|GreenGogoatttt
|L|Conflict
|L|Serpi386
|L|Nintendi
|L|SOULWIND❄
|L|Ojama
|L|Bushtush
|L|Finchinator
|L|Villa
|L|Freeroamer
|L|epic4eternity
|L|atomicllamas ☾
|J|Nintendi
|L|TSR
|L|Z✘n✘ai✘n
|L|Jimmy Turtwig
|L|august
|L|Subject 18
|J|zf
|L|We Three Kings
|L|Nintendi
|L|Lcans✘
|L|yohoE
|L|SamVGC ✿
|L|JabbaTheGriffin
|L|Soruxt
|J|Soruxt
|L|Soruxt
|L|hairy toenail.
|L|R!cardo
|J|Coconut
|L|pingu~the-king
|L|Asuk4
|L|Mr.E
|L|zf
|L|bro fist
|L|GOAO
|L|CrashinBoomBang
|J|Obliviate.
|L|Obliviate.
|L|Salpingitis
|L|MegaStarUniverse
|L|Hootie
|J|starmaster
|L|Enki
|L|starmaster
|L|Frochtejoghurt
|L|mbaddy
|L|tamahome
|L|Coconut
|L|ImIsaP
|L|CoCoNuT sHeEp
|L|adracman42
|L|Gunner Rohan
|L|syncrasy
|L|Bughouse
|L|Isa
|L|dice
|L|Eo
|L|Nails ☎ ☎
|L|Void
|J|Eo</script>
</div>
<div class="battle-log battle-log-inline"><div class="inner"><div class="battle-options"></div><div class="inner"><div class="chat message-error">Battle timer is ON: inactive players will automatically lose when time's up.</div><div class=""><small>Format:</small> <br><strong>[Gen 2] OU</strong></div><div class=""><small><em>Sleep Clause Mod:</em> Limit one foe put to sleep</small></div><div class=""><small><em>Species Clause:</em> Limit one of each Pokémon</small></div><div class=""><small><em>OHKO Clause:</em> OHKO moves are banned</small></div><div class=""><small><em>Evasion Moves Clause:</em> Evasion moves are banned</small></div><div class=""><small><em>HP Percentage Mod:</em> HP is shown in percentages</small></div><div class="spacer battle-history"><br></div><div class="battle-history">Battle started between Fear and B KC!<br></div><div class="spacer battle-history"><br></div><div class="battle-history">Go! <strong>Snorlax</strong>!<br></div><div class="spacer battle-history"><br></div><div class="battle-history">B KC sent out Varpulis (<strong>Raikou</strong>)!<br></div><div class="spacer battle-history"><br></div><h2 class="battle-history">Turn 1</h2><div class="chat chatmessage-bkc"><strong style="color:#7f7f2f"><small>★</small><span class="username" data-name="B KC">B KC</span>:</strong> <em>gl man</em></div><div class="chat chatmessage-kratosmana"><strong style="color:#267c36"><small>%</small><span class="username" data-name="kratosmana♪">kratosmana♪</span>:</strong> <em>BKC</em></div><div class="chat chatmessage-fear"><strong style="color:#99960b"><small>★</small><span class="username" data-name="Fear">Fear</span>:</strong> <em>you too</em></div><div class="chat"><div class="broadcast-red"><b>Moderated chat was set to @!</b><br>Only users of rank @ and higher can talk.</div></div><div class="spacer battle-history"><br></div><div class="battle-history">The opposing Varpulis used <strong>Reflect</strong>!<br></div><div class="battle-history"><small>Reflect made the opposing team stronger against physical moves!</small><br></div><div class="spacer battle-history"><br></div><div class="battle-history">Snorlax used <strong>Double-Edge</strong>!<br></div><div class="battle-history"><small>(The opposing Varpulis lost <abbr title="−89/383">23.2%</abbr> of its health!)</small><br></div><div class="battle-history"><small>Snorlax was damaged by the recoil!</small><br></div><div class="spacer battle-history"><br></div><div class="battle-history"><small>The opposing Varpulis restored a little HP using its Leftovers!</small><br></div><div class="battle-history"><small>Snorlax restored a little HP using its Leftovers!</small><br></div><div class="spacer battle-history"><br></div><h2 class="battle-history">Turn 2</h2><div class="spacer battle-history"><br></div><div class="battle-history">Snorlax used <strong>Double-Edge</strong>!<br></div><div class="battle-history"><small>(The opposing Varpulis lost <abbr title="−96/383">25.1%</abbr> of its health!)</small><br></div><div class="battle-history"><small>Snorlax was damaged by the recoil!</small><br></div><div class="spacer battle-history"><br></div><div class="battle-history">The opposing Varpulis used <strong>Roar</strong>!<br></div><div class="spacer battle-history"><br></div><div class="battle-history"><strong>Tentacruel</strong> was dragged out!<br></div><div class="spacer battle-history"><br></div><div class="battle-history"><small>The opposing Varpulis restored a little HP using its Leftovers!</small><br></div><div class="spacer battle-history"><br></div><h2 class="battle-history">Turn 3</h2><div class="chat chatmessage-bkc"><strong style="color:#7f7f2f"><small>★</small><span class="username" data-name="B KC">B KC</span>:</strong> <em>ah</em></div><div class="chat chatmessage-bkc"><strong style="color:#7f7f2f"><small>★</small><span class="username" data-name="B KC">B KC</span>:</strong> <em>I see</em></div><div class="spacer battle-history"><br></div><div class="battle-history">Tentacruel, come back!<br></div><div class="battle-history">Go! <strong>Snorlax</strong>!<br></div><div class="spacer battle-history"><br></div><div class="battle-history">The opposing Varpulis used <strong>Roar</strong>!<br></div><div class="spacer battle-history"><br></div><div class="battle-history"><strong>Tentacruel</strong> was dragged out!<br></div><div class="spacer battle-history"><br></div><div class="battle-history"><small>The opposing Varpulis restored a little HP using its Leftovers!</small><br></div><div class="spacer battle-history"><br></div><h2 class="battle-history">Turn 4</h2><div class="spacer battle-history"><br></div><div class="battle-history">Tentacruel, come back!<br></div><div class="battle-history">Go! <strong>Snorlax</strong>!<br></div><div class="spacer battle-history"><br></div><div class="battle-history">The opposing Varpulis used <strong>Roar</strong>!<br></div><div class="spacer battle-history"><br></div><div class="battle-history"><strong>Umbreon</strong> was dragged out!<br></div><div class="spacer battle-history"><br></div><div class="battle-history"><small>The opposing Varpulis restored a little HP using its Leftovers!</small><br></div><div class="spacer battle-history"><br></div><h2 class="battle-history">Turn 5</h2><div class="spacer battle-history"><br></div><div class="battle-history">The opposing Varpulis used <strong>Thunder</strong>!<br></div><div class="battle-history"><small>Umbreon avoided the attack!</small><br></div><div class="spacer battle-history"><br></div><div class="battle-history">Umbreon used <strong>Zap Cannon</strong>!<br></div><div class="battle-history"><small>The opposing Varpulis avoided the attack!</small><br></div><div class="spacer battle-history"><br></div><div class="battle-history"><small>The opposing Varpulis restored a little HP using its Leftovers!</small><br></div><div class="battle-history"><small>The opposing team's Reflect wore off!</small><br></div><div class="spacer battle-history"><br></div><h2 class="battle-history">Turn 6</h2><div class="spacer battle-history"><br></div><div class="battle-history">The opposing Varpulis used <strong>Thunder</strong>!<br></div><div class="battle-history"><small>(Umbreon lost <abbr title="−119/393">30.3%</abbr> of its health!)</small><br></div><div class="spacer battle-history"><br></div><div class="battle-history">Umbreon used <strong>Pursuit</strong>!<br></div><div class="battle-history"><small>(The opposing Varpulis lost <abbr title="−39/383">10.2%</abbr> of its health!)</small><br></div><div class="spacer battle-history"><br></div><div class="battle-history"><small>The opposing Varpulis restored a little HP using its Leftovers!</small><br></div><div class="battle-history"><small>Umbreon restored a little HP using its Leftovers!</small><br></div><div class="spacer battle-history"><br></div><h2 class="battle-history">Turn 7</h2><div class="spacer battle-history"><br></div><div class="battle-history">The opposing Varpulis used <strong>Thunder</strong>!<br></div><div class="battle-history"><small>Umbreon avoided the attack!</small><br></div><div class="spacer battle-history"><br></div><div class="battle-history">Umbreon used <strong>Zap Cannon</strong>!<br></div><div class="battle-history"><small>It's not very effective...</small><br></div><div class="battle-history"><small>(The opposing Varpulis lost <abbr title="−30/383">7.8%</abbr> of its health!)</small><br></div><div class="battle-history"><small>The opposing Varpulis is paralyzed! It may be unable to move!</small><br></div><div class="spacer battle-history"><br></div><div class="battle-history"><small>Umbreon restored a little HP using its Leftovers!</small><br></div><div class="battle-history"><small>The opposing Varpulis restored a little HP using its Leftovers!</small><br></div><div class="spacer battle-history"><br></div><h2 class="battle-history">Turn 8</h2><div class="spacer battle-history"><br></div><div class="battle-history">Umbreon, come back!<br></div><div class="battle-history">Go! <strong>Snorlax</strong>!<br></div><div class="spacer battle-history"><br></div><div class="battle-history">The opposing Varpulis is paralyzed! It can't move!<br></div><div class="spacer battle-history"><br></div><div class="battle-history"><small>Snorlax restored a little HP using its Leftovers!</small><br></div><div class="battle-history"><small>The opposing Varpulis restored a little HP using its Leftovers!</small><br></div><div class="spacer battle-history"><br></div><h2 class="battle-history">Turn 9</h2><div class="spacer battle-history"><br></div><div class="battle-history">B KC withdrew Varpulis!<br></div><div class="battle-history">B KC sent out As-Iga (<strong>Cloyster</strong>)!<br></div><div class="spacer battle-history"><br></div><div class="battle-history">Snorlax used <strong>Curse</strong>!<br></div><div class="battle-history"><small>Snorlax's Speed fell!</small><br></div><div class="battle-history"><small>Snorlax's Attack rose!</small><br></div><div class="battle-history"><small>Snorlax's Defense rose!</small><br></div><div class="spacer battle-history"><br></div><h2 class="battle-history">Turn 10</h2><div class="spacer battle-history"><br></div><div class="battle-history">The opposing As-Iga used <strong>Toxic</strong>!<br></div><div class="battle-history"><small>Snorlax was badly poisoned!</small><br></div><div class="spacer battle-history"><br></div><div class="battle-history">Snorlax used <strong>Curse</strong>!<br></div><div class="battle-history"><small>Snorlax's Speed fell!</small><br></div><div class="battle-history"><small>Snorlax's Attack rose!</small><br></div><div class="battle-history"><small>Snorlax's Defense rose!</small><br></div><div class="battle-history"><small>Snorlax was hurt by poison!</small><br></div><div class="spacer battle-history"><br></div><div class="battle-history"><small>Snorlax restored a little HP using its Leftovers!</small><br></div><div class="spacer battle-history"><br></div><h2 class="battle-history">Turn 11</h2><div class="spacer battle-history"><br></div><div class="battle-history">The opposing As-Iga used <strong>Spikes</strong>!<br></div><div class="battle-history"><small>Spikes were scattered on the ground all around your team!</small><br></div><div class="spacer battle-history"><br></div><div class="battle-history">Snorlax used <strong>Double-Edge</strong>!<br></div><div class="battle-history"><small>(The opposing As-Iga lost <abbr title="−185/303">61.1%</abbr> of its health!)</small><br></div><div class="battle-history"><small>Snorlax was damaged by the recoil!</small><br></div><div class="battle-history"><small>Snorlax was hurt by poison!</small><br></div><div class="spacer battle-history"><br></div><div class="battle-history"><small>The opposing As-Iga restored a little HP using its Leftovers!</small><br></div><div class="battle-history"><small>Snorlax restored a little HP using its Leftovers!</small><br></div><div class="spacer battle-history"><br></div><h2 class="battle-history">Turn 12</h2><div class="spacer battle-history"><br></div><div class="battle-history">B KC withdrew As-Iga!<br></div><div class="battle-history">B KC sent out Koschei (<strong>Tyranitar</strong>)!<br></div><div class="spacer battle-history"><br></div><div class="battle-history">Snorlax used <strong>Double-Edge</strong>!<br></div><div class="battle-history"><small>It's not very effective...</small><br></div><div class="battle-history"><small>(The opposing Koschei lost <abbr title="−142/403">35.2%</abbr> of its health!)</small><br></div><div class="battle-history"><small>Snorlax was damaged by the recoil!</small><br></div><div class="battle-history"><small>Snorlax was hurt by poison!</small><br></div><div class="spacer battle-history"><br></div><div class="battle-history"><small>The opposing Koschei restored a little HP using its Leftovers!</small><br></div><div class="battle-history"><small>Snorlax restored a little HP using its Leftovers!</small><br></div><div class="spacer battle-history"><br></div><h2 class="battle-history">Turn 13</h2><div class="spacer battle-history"><br></div><div class="battle-history">B KC withdrew Koschei!<br></div><div class="battle-history">B KC sent out Triglav (<strong>Exeggutor</strong>)!<br></div><div class="spacer battle-history"><br></div><div class="battle-history">Snorlax used <strong>Rest</strong>!<br></div><div class="battle-history"><small>Snorlax fell asleep!</small><br></div><div class="battle-history"><small>Snorlax slept and became healthy!</small><br></div><div class="spacer battle-history"><br></div><h2 class="battle-history">Turn 14</h2><div class="chat chatmessage-fear"><strong style="color:#99960b"><small>★</small><span class="username" data-name="Fear">Fear</span>:</strong> <em>nice, i pseudo scouted myself :-)</em></div><div class="chat chatmessage-bkc"><strong style="color:#7f7f2f"><small>★</small><span class="username" data-name="B KC">B KC</span>:</strong> <em>tru</em></div><div class="chat chatmessage-fear"><strong style="color:#99960b"><small>★</small><span class="username" data-name="Fear">Fear</span>:</strong> <em>roar is for the weak!</em></div><div class="spacer battle-history"><br></div><div class="battle-history">B KC withdrew Triglav!<br></div><div class="battle-history">B KC sent out Koschei (<strong>Tyranitar</strong>)!<br></div><div class="spacer battle-history"><br></div><div class="battle-history">Snorlax is fast asleep.<br></div><div class="spacer battle-history"><br></div><div class="battle-history"><small>The opposing Koschei restored a little HP using its Leftovers!</small><br></div><div class="spacer battle-history"><br></div><h2 class="battle-history">Turn 15</h2><div class="chat chatmessage-bkc"><strong style="color:#7f7f2f"><small>★</small><span class="username" data-name="B KC">B KC</span>:</strong> <em>hey thats pretty rude</em></div><div class="spacer battle-history"><br></div><div class="battle-history">Snorlax is fast asleep.<br></div><div class="spacer battle-history"><br></div><div class="battle-history">The opposing Koschei used <strong>Roar</strong>!<br></div><div class="spacer battle-history"><br></div><div class="battle-history"><strong>Zapdos</strong> was dragged out!<br></div><div class="spacer battle-history"><br></div><div class="battle-history"><small>The opposing Koschei restored a little HP using its Leftovers!</small><br></div><div class="spacer battle-history"><br></div><h2 class="battle-history">Turn 16</h2><div class="chat chatmessage-rozes"><strong style="color:#69a416"><small>@</small><span class="username" data-name="rozes">rozes</span>:</strong> <em>weak.</em></div><div class="chat chatmessage-bkc"><strong style="color:#7f7f2f"><small>★</small><span class="username" data-name="B KC">B KC</span>:</strong> <em>Your weak</em></div><div class="chat chatmessage-bkc"><strong style="color:#7f7f2f"><small>★</small><span class="username" data-name="B KC">B KC</span>:</strong> <em>i know, peasounay</em></div><div class="chat chatmessage-bkc"><strong style="color:#7f7f2f"><small>★</small><span class="username" data-name="B KC">B KC</span>:</strong> <em>i know.</em></div><div class="spacer battle-history"><br></div><div class="battle-history">Zapdos, come back!<br></div><div class="battle-history">Go! <strong>Snorlax</strong>!<br></div><div class="battle-history"><small>Snorlax was hurt by the spikes!</small><br></div><div class="spacer battle-history"><br></div><div class="battle-history">The opposing Koschei used <strong>Rock Slide</strong>!<br></div><div class="battle-history"><small>(Snorlax lost <abbr title="−151/523">28.9%</abbr> of its health!)</small><br></div><div class="spacer battle-history"><br></div><div class="battle-history"><small>The opposing Koschei restored a little HP using its Leftovers!</small><br></div><div class="battle-history"><small>Snorlax restored a little HP using its Leftovers!</small><br></div><div class="spacer battle-history"><br></div><h2 class="battle-history">Turn 17</h2><div class="chat chatmessage-bkc"><strong style="color:#7f7f2f"><small>★</small><span class="username" data-name="B KC">B KC</span>:</strong> <em>to emphasize the B, dice</em></div><div class="spacer battle-history"><br></div><div class="battle-history">Snorlax, come back!<br></div><div class="battle-history">Go! <strong>Cloyster</strong>!<br></div><div class="battle-history"><small>Cloyster was hurt by the spikes!</small><br></div><div class="spacer battle-history"><br></div><div class="battle-history">The opposing Koschei used <strong>Rock Slide</strong>!<br></div><div class="battle-history"><small>It's super effective!</small><br></div><div class="battle-history"><small>(Cloyster lost <abbr title="−144/287">50.2%</abbr> of its health!)</small><br></div><div class="spacer battle-history"><br></div><div class="battle-history"><small>Cloyster restored a little HP using its Leftovers!</small><br></div><div class="battle-history"><small>The opposing Koschei restored a little HP using its Leftovers!</small><br></div><div class="spacer battle-history"><br></div><h2 class="battle-history">Turn 18</h2><div class="spacer battle-history"><br></div><div class="battle-history">Cloyster used <strong>Spikes</strong>!<br></div><div class="battle-history"><small>Spikes were scattered on the ground all around the opposing team!</small><br></div><div class="spacer battle-history"><br></div><div class="battle-history">The opposing Koschei used <strong>Rock Slide</strong>!<br></div><div class="battle-history"><small>A critical hit!</small><br></div><div class="battle-history"><small>It's super effective!</small><br></div><div class="battle-history"><small>(Cloyster lost <abbr title="−125/287">43.6%</abbr> of its health!)</small><br></div><div class="spacer battle-history"><br></div><div class="battle-history">Cloyster fainted!<br></div><div class="spacer battle-history"><br></div><div class="battle-history">Go! <strong>Steelix</strong>!<br></div><div class="battle-history"><small>Steelix was hurt by the spikes!</small><br></div><div class="spacer battle-history"><br></div><div class="battle-history"><small>The opposing Koschei restored a little HP using its Leftovers!</small><br></div><div class="battle-history"><small>Steelix restored a little HP using its Leftovers!</small><br></div><div class="spacer battle-history"><br></div><h2 class="battle-history">Turn 19</h2><div class="spacer battle-history"><br></div><div class="battle-history">The opposing Koschei used <strong>Fire Blast</strong>!<br></div><div class="battle-history"><small>It's super effective!</small><br></div><div class="battle-history"><small>(Steelix lost <abbr title="−222/353">62.9%</abbr> of its health!)</small><br></div><div class="battle-history"><small>Steelix was burned!</small><br></div><div class="spacer battle-history"><br></div><div class="battle-history">Steelix used <strong>Roar</strong>!<br></div><div class="spacer battle-history"><br></div><div class="battle-history">Varpulis (<strong>Raikou</strong>) was dragged out!<br></div><div class="battle-history"><small>Steelix was hurt by its burn!</small><br></div><div class="battle-history"><small>The opposing Varpulis was hurt by the spikes!</small><br></div><div class="spacer battle-history"><br></div><div class="battle-history"><small>Steelix restored a little HP using its Leftovers!</small><br></div><div class="battle-history"><small>The opposing Varpulis restored a little HP using its Leftovers!</small><br></div><div class="spacer battle-history"><br></div><h2 class="battle-history">Turn 20</h2><div class="spacer battle-history"><br></div><div class="battle-history">B KC withdrew Varpulis!<br></div><div class="battle-history">B KC sent out Triglav (<strong>Exeggutor</strong>)!<br></div><div class="battle-history"><small>The opposing Triglav was hurt by the spikes!</small><br></div><div class="spacer battle-history"><br></div><div class="battle-history">Steelix used <strong>Explosion</strong>!<br></div><div class="battle-history"><small>(The opposing Triglav lost <abbr title="−211/393">53.7%</abbr> of its health!)</small><br></div><div class="spacer battle-history"><br></div><div class="battle-history">Steelix fainted!<br></div><div class="spacer battle-history"><br></div><div class="battle-history">Go! <strong>Umbreon</strong>!<br></div><div class="battle-history"><small>Umbreon was hurt by the spikes!</small><br></div><div class="spacer battle-history"><br></div><div class="battle-history"><small>Umbreon restored a little HP using its Leftovers!</small><br></div><div class="battle-history"><small>The opposing Triglav restored a little HP using its Leftovers!</small><br></div><div class="spacer battle-history"><br></div><h2 class="battle-history">Turn 21</h2><div class="spacer battle-history"><br></div><div class="battle-history">Umbreon used <strong>Pursuit</strong>!<br></div><div class="battle-history"><small>It's super effective!</small><br></div><div class="battle-history"><small>(The opposing Triglav lost <abbr title="−97/393">24.7%</abbr> of its health!)</small><br></div><div class="spacer battle-history"><br></div><div class="battle-history">The opposing Triglav used <strong>Explosion</strong>!<br></div><div class="battle-history"><small>(Umbreon lost <abbr title="−297/393">75.6%</abbr> of its health!)</small><br></div><div class="spacer battle-history"><br></div><div class="battle-history">Umbreon fainted!<br></div><div class="battle-history">The opposing Triglav fainted!<br></div><div class="spacer battle-history"><br></div><div class="battle-history">Go! <strong>Tentacruel</strong>!<br></div><div class="spacer battle-history"><br></div><div class="battle-history">B KC sent out Rod (<strong>Snorlax</strong>)!<br></div><div class="battle-history"><small>Tentacruel was hurt by the spikes!</small><br></div><div class="battle-history"><small>The opposing Rod was hurt by the spikes!</small><br></div><div class="spacer battle-history"><br></div><div class="battle-history"><small>Tentacruel restored a little HP using its Leftovers!</small><br></div><div class="battle-history"><small>The opposing Rod restored a little HP using its Leftovers!</small><br></div><div class="spacer battle-history"><br></div><h2 class="battle-history">Turn 22</h2><div class="spacer battle-history"><br></div><div class="battle-history">Tentacruel used <strong>Swords Dance</strong>!<br></div><div class="battle-history"><small>Tentacruel's Attack rose sharply!</small><br></div><div class="spacer battle-history"><br></div><div class="battle-history">The opposing Rod used <strong>Curse</strong>!<br></div><div class="battle-history"><small>The opposing Rod's Speed fell!</small><br></div><div class="battle-history"><small>The opposing Rod's Attack rose!</small><br></div><div class="battle-history"><small>The opposing Rod's Defense rose!</small><br></div><div class="spacer battle-history"><br></div><div class="battle-history"><small>Tentacruel restored a little HP using its Leftovers!</small><br></div><div class="battle-history"><small>The opposing Rod restored a little HP using its Leftovers!</small><br></div><div class="spacer battle-history"><br></div><h2 class="battle-history">Turn 23</h2><div class="spacer battle-history"><br></div><div class="battle-history">Tentacruel used <strong>Sludge Bomb</strong>!<br></div><div class="battle-history"><small>(The opposing Rod lost <abbr title="−158/523">30.2%</abbr> of its health!)</small><br></div><div class="battle-history"><small>The opposing Rod was poisoned!</small><br></div><div class="spacer battle-history"><br></div><div class="battle-history">The opposing Rod used <strong>Curse</strong>!<br></div><div class="battle-history"><small>The opposing Rod's Speed fell!</small><br></div><div class="battle-history"><small>The opposing Rod's Attack rose!</small><br></div><div class="battle-history"><small>The opposing Rod's Defense rose!</small><br></div><div class="battle-history"><small>The opposing Rod was hurt by poison!</small><br></div><div class="spacer battle-history"><br></div><div class="battle-history"><small>Tentacruel restored a little HP using its Leftovers!</small><br></div><div class="battle-history"><small>The opposing Rod restored a little HP using its Leftovers!</small><br></div><div class="spacer battle-history"><br></div><h2 class="battle-history">Turn 24</h2><div class="spacer battle-history"><br></div><div class="battle-history">Tentacruel used <strong>Swords Dance</strong>!<br></div><div class="battle-history"><small>Tentacruel's Attack rose sharply!</small><br></div><div class="spacer battle-history"><br></div><div class="battle-history">The opposing Rod used <strong>Double-Edge</strong>!<br></div><div class="battle-history"><small>(Tentacruel lost <abbr title="−363/363">100%</abbr> of its health!)</small><br></div><div class="spacer battle-history"><br></div><div class="battle-history">Tentacruel fainted!<br></div><div class="battle-history"><small>The opposing Rod was damaged by the recoil!</small><br></div><div class="spacer battle-history"><br></div><div class="battle-history">Go! <strong>Snorlax</strong>!<br></div><div class="battle-history"><small>Snorlax was hurt by the spikes!</small><br></div><div class="spacer battle-history"><br></div><div class="battle-history"><small>Snorlax restored a little HP using its Leftovers!</small><br></div><div class="battle-history"><small>The opposing Rod restored a little HP using its Leftovers!</small><br></div><div class="spacer battle-history"><br></div><h2 class="battle-history">Turn 25</h2><div class="spacer battle-history"><br></div><div class="battle-history"><small>Snorlax woke up!</small><br></div><div class="spacer battle-history"><br></div><div class="battle-history">Snorlax used <strong>Curse</strong>!<br></div><div class="battle-history"><small>Snorlax's Speed fell!</small><br></div><div class="battle-history"><small>Snorlax's Attack rose!</small><br></div><div class="battle-history"><small>Snorlax's Defense rose!</small><br></div><div class="spacer battle-history"><br></div><div class="battle-history">The opposing Rod used <strong>Double-Edge</strong>!<br></div><div class="battle-history"><small>A critical hit!</small><br></div><div class="battle-history"><small>(Snorlax lost <abbr title="−306/523">58.5%</abbr> of its health!)</small><br></div><div class="spacer battle-history"><br></div><div class="battle-history">Snorlax fainted!<br></div><div class="battle-history"><small>The opposing Rod was damaged by the recoil!</small><br></div><div class="chat chatmessage-fear"><strong style="color:#99960b"><small>★</small><span class="username" data-name="Fear">Fear</span>:</strong> <em>gg</em></div><div class="chat chatmessage-bkc"><strong style="color:#7f7f2f"><small>★</small><span class="username" data-name="B KC">B KC</span>:</strong> <em>gg man</em></div><div class="chat chatmessage-fear"><strong style="color:#99960b"><small>★</small><span class="username" data-name="Fear">Fear</span>:</strong> <em>that burn completely ruined over my plans.</em></div><div class="chat chatmessage-bkc"><strong style="color:#7f7f2f"><small>★</small><span class="username" data-name="B KC">B KC</span>:</strong> <em>yeah sorry about that one :x</em></div><div class="chat chatmessage-fear"><strong style="color:#99960b"><small>★</small><span class="username" data-name="Fear">Fear</span>:</strong> <em>its hard to get back in explosion v explosion</em></div><div class="chat chatmessage-fear"><strong style="color:#99960b"><small>★</small><span class="username" data-name="Fear">Fear</span>:</strong> <em>no worries</em></div><div class="chat chatmessage-fear"><strong style="color:#99960b"><small>★</small><span class="username" data-name="Fear">Fear</span>:</strong> <em>thats pokemon.</em></div><div class="spacer battle-history"><br></div><div class="battle-history">Go! <strong>Zapdos</strong>!<br></div><div class="spacer battle-history"><br></div><div class="battle-history"><small>The opposing Rod restored a little HP using its Leftovers!</small><br></div><div class="spacer battle-history"><br></div><h2 class="battle-history">Turn 26</h2><div class="spacer battle-history"><br></div><div class="battle-history">Zapdos used <strong>Thunder</strong>!<br></div><div class="battle-history"><small>(The opposing Rod lost <abbr title="−149/523">28.5%</abbr> of its health!)</small><br></div><div class="spacer battle-history"><br></div><div class="battle-history">The opposing Rod used <strong>Rest</strong>!<br></div><div class="battle-history"><small>The opposing Rod fell asleep!</small><br></div><div class="battle-history"><small>The opposing Rod slept and became healthy!</small><br></div><div class="spacer battle-history"><br></div><h2 class="battle-history">Turn 27</h2><div class="spacer battle-history"><br></div><div class="battle-history">Zapdos used <strong>Thunder</strong>!<br></div><div class="battle-history"><small>(The opposing Rod lost <abbr title="−147/523">28.1%</abbr> of its health!)</small><br></div><div class="spacer battle-history"><br></div><div class="battle-history">The opposing Rod is fast asleep.<br></div><div class="spacer battle-history"><br></div><div class="battle-history">The opposing Rod used <strong>Sleep Talk</strong>!<br></div><div class="spacer battle-history"><br></div><div class="battle-history">The opposing Rod used <strong>Rest</strong>!<br></div><div class="battle-history"><small>The opposing Rod slept and became healthy!</small><br></div><div class="spacer battle-history"><br></div><h2 class="battle-history">Turn 28</h2><div class="spacer battle-history"><br></div><div class="battle-history">Zapdos used <strong>Thunder</strong>!<br></div><div class="battle-history"><small>(The opposing Rod lost <abbr title="−151/523">28.9%</abbr> of its health!)</small><br></div><div class="spacer battle-history"><br></div><div class="battle-history">The opposing Rod is fast asleep.<br></div><div class="spacer battle-history"><br></div><div class="battle-history">The opposing Rod used <strong>Sleep Talk</strong>!<br></div><div class="spacer battle-history"><br></div><div class="battle-history">The opposing Rod used <strong>Curse</strong>!<br></div><div class="battle-history"><small>The opposing Rod's Speed fell!</small><br></div><div class="battle-history"><small>The opposing Rod's Attack rose!</small><br></div><div class="battle-history"><small>The opposing Rod's Defense rose!</small><br></div><div class="spacer battle-history"><br></div><div class="battle-history"><small>The opposing Rod restored a little HP using its Leftovers!</small><br></div><div class="spacer battle-history"><br></div><h2 class="battle-history">Turn 29</h2><div class="spacer battle-history"><br></div><div class="battle-history">Zapdos used <strong>Thunder</strong>!<br></div><div class="battle-history"><small>(The opposing Rod lost <abbr title="−150/523">28.7%</abbr> of its health!)</small><br></div><div class="spacer battle-history"><br></div><div class="battle-history">The opposing Rod is fast asleep.<br></div><div class="spacer battle-history"><br></div><div class="battle-history">The opposing Rod used <strong>Sleep Talk</strong>!<br></div><div class="spacer battle-history"><br></div><div class="battle-history">The opposing Rod used <strong>Rest</strong>!<br></div><div class="battle-history"><small>The opposing Rod slept and became healthy!</small><br></div><div class="spacer battle-history"><br></div><h2 class="battle-history">Turn 30</h2><div class="spacer battle-history"><br></div><div class="battle-history">Zapdos used <strong>Thunder</strong>!<br></div><div class="battle-history"><small>(The opposing Rod lost <abbr title="−147/523">28.1%</abbr> of its health!)</small><br></div><div class="spacer battle-history"><br></div><div class="battle-history">The opposing Rod is fast asleep.<br></div><div class="spacer battle-history"><br></div><div class="battle-history">The opposing Rod used <strong>Sleep Talk</strong>!<br></div><div class="spacer battle-history"><br></div><div class="battle-history">The opposing Rod used <strong>Rest</strong>!<br></div><div class="battle-history"><small>The opposing Rod slept and became healthy!</small><br></div><div class="spacer battle-history"><br></div><h2 class="battle-history">Turn 31</h2><div class="chat chatmessage-fear"><strong style="color:#99960b"><small>★</small><span class="username" data-name="Fear">Fear</span>:</strong> <em>look at me hitting those thunder</em></div><div class="chat chatmessage-fear"><strong style="color:#99960b"><small>★</small><span class="username" data-name="Fear">Fear</span>:</strong> <em>i dont want this accuracy</em></div><div class="chat chatmessage-fear"><strong style="color:#99960b"><small>★</small><span class="username" data-name="Fear">Fear</span>:</strong> <em>go away</em></div><div class="chat chatmessage-bkc"><strong style="color:#7f7f2f"><small>★</small><span class="username" data-name="B KC">B KC</span>:</strong> <em>lol</em></div><div class="chat chatmessage-bkc"><strong style="color:#7f7f2f"><small>★</small><span class="username" data-name="B KC">B KC</span>:</strong> <em>true</em></div><div class="spacer battle-history"><br></div><div class="battle-history">Zapdos used <strong>Thunder</strong>!<br></div><div class="battle-history"><small>The opposing Rod avoided the attack!</small><br></div><div class="spacer battle-history"><br></div><div class="battle-history">The opposing Rod is fast asleep.<br></div><div class="spacer battle-history"><br></div><div class="battle-history">The opposing Rod used <strong>Sleep Talk</strong>!<br></div><div class="spacer battle-history"><br></div><div class="battle-history">The opposing Rod used <strong>Rest</strong>!<br></div><div class="battle-history"><small>But it failed!</small><br></div><div class="spacer battle-history"><br></div><h2 class="battle-history">Turn 32</h2><div class="chat chatmessage-fear"><strong style="color:#99960b"><small>★</small><span class="username" data-name="Fear">Fear</span>:</strong> <em>good</em></div><div class="chat chatmessage-fear"><strong style="color:#99960b"><small>★</small><span class="username" data-name="Fear">Fear</span>:</strong> <em>karma equalised.</em></div><div class="spacer battle-history"><br></div><div class="battle-history">Zapdos used <strong>Thunder</strong>!<br></div><div class="battle-history"><small>(The opposing Rod lost <abbr title="−145/523">27.7%</abbr> of its health!)</small><br></div><div class="spacer battle-history"><br></div><div class="battle-history">The opposing Rod is fast asleep.<br></div><div class="spacer battle-history"><br></div><div class="battle-history"><small>The opposing Rod restored a little HP using its Leftovers!</small><br></div><div class="spacer battle-history"><br></div><h2 class="battle-history">Turn 33</h2><div class="spacer battle-history"><br></div><div class="battle-history">Zapdos used <strong>Thunder</strong>!<br></div><div class="battle-history"><small>The opposing Rod avoided the attack!</small><br></div><div class="battle-history"><small>The opposing Rod woke up!</small><br></div><div class="spacer battle-history"><br></div><div class="battle-history">The opposing Rod used <strong>Double-Edge</strong>!<br></div><div class="battle-history"><small>(Zapdos lost <abbr title="−383/383">100%</abbr> of its health!)</small><br></div><div class="spacer battle-history"><br></div><div class="battle-history">Zapdos fainted!<br></div><div class="spacer battle-history"><br></div><div class="battle-history"><strong>B KC</strong> won the battle!<br></div><div class="battle-history"><small>The opposing Rod was damaged by the recoil!</small><br></div></div><div class="inner-preempt"></div></div></div>
</div>
<script>
let daily = Math.floor(Date.now()/1000/60/60/24);document.write('<script src="https://play.pokemonshowdown.com/js/replay-embed.js?version'+daily+'"></'+'script>');
</script>
