<!DOCTYPE html>
<meta charset="utf-8" />
<!-- version 1 -->
<title>[Gen 2] OU replay: Kevin Garrett vs. Mr.378</title>
<style>
html,body {font-family:Verdana, sans-serif;font-size:10pt;margin:0;padding:0;}body{padding:12px 0;} .battle-log {font-family:Verdana, sans-serif;font-size:10pt;} .battle-log-inline {border:1px solid #AAAAAA;background:#EEF2F5;color:black;max-width:640px;margin:0 auto 80px;padding-bottom:5px;} .battle-log .inner {padding:4px 8px 0px 8px;} .battle-log .inner-preempt {padding:0 8px 4px 8px;} .battle-log .inner-after {margin-top:0.5em;} .battle-log h2 {margin:0.5em -8px;padding:4px 8px;border:1px solid #AAAAAA;background:#E0E7EA;border-left:0;border-right:0;font-family:Verdana, sans-serif;font-size:13pt;} .battle-log .chat {vertical-align:middle;padding:3px 0 3px 0;font-size:8pt;} .battle-log .chat strong {color:#40576A;} .battle-log .chat em {padding:1px 4px 1px 3px;color:#000000;font-style:normal;} .chat.mine {background:rgba(0,0,0,0.05);margin-left:-8px;margin-right:-8px;padding-left:8px;padding-right:8px;} .spoiler {color:#BBBBBB;background:#BBBBBB;padding:0px 3px;} .spoiler:hover, .spoiler:active, .spoiler-shown {color:#000000;background:#E2E2E2;padding:0px 3px;} .spoiler a {color:#BBBBBB;} .spoiler:hover a, .spoiler:active a, .spoiler-shown a {color:#2288CC;} .chat code, .chat .spoiler:hover code, .chat .spoiler:active code, .chat .spoiler-shown code {border:1px solid #C0C0C0;background:#EEEEEE;color:black;padding:0 2px;} .chat .spoiler code {border:1px solid #CCCCCC;background:#CCCCCC;color:#CCCCCC;} .battle-log .rated {padding:3px 4px;} .battle-log .rated strong {color:white;background:#89A;padding:1px 4px;border-radius:4px;} .spacer {margin-top:0.5em;} .message-announce {background:#6688AA;color:white;padding:1px 4px 2px;} .message-announce a, .broadcast-green a, .broadcast-blue a, .broadcast-red a {color:#DDEEFF;} .broadcast-green {background-color:#559955;color:white;padding:2px 4px;} .broadcast-blue {background-color:#6688AA;color:white;padding:2px 4px;} .infobox {border:1px solid #6688AA;padding:2px 4px;} .infobox-limited {max-height:200px;overflow:auto;overflow-x:hidden;} .broadcast-red {background-color:#AA5544;color:white;padding:2px 4px;} .message-learn-canlearn {font-weight:bold;color:#228822;text-decoration:underline;} .message-learn-cannotlearn {font-weight:bold;color:#CC2222;text-decoration:underline;} .message-effect-weak {font-weight:bold;color:#CC2222;} .message-effect-resist {font-weight:bold;color:#6688AA;} .message-effect-immune {font-weight:bold;color:#666666;} .message-learn-list {margin-top:0;margin-bottom:0;} .message-throttle-notice, .message-error {color:#992222;} .message-overflow, .chat small.message-overflow {font-size:0pt;} .message-overflow::before {font-size:9pt;content:'...';} .subtle {color:#3A4A66;}
</style>
<div class="wrapper replay-wrapper" style="max-width:1180px;margin:0 auto">
<input type="hidden" name="replayid" value="smogtours-gen2ou-237493" />
<div class="battle"></div><div class="battle-log"></div><div class="replay-controls"></div><div class="replay-controls-2"></div>
<h1 style="font-weight:normal;text-align:center"><strong>[Gen 2] OU</strong><br /><a href="http://pokemonshowdown.com/users/kevingarrett" class="subtle" target="_blank">Kevin Garrett</a> vs. <a href="http://pokemonshowdown.com/users/mr378" class="subtle" target="_blank">Mr.378</a></h1>
<script type="text/plain" class="battle-log-data">|inactive|Battle timer is ON: inactive players will automatically lose when time's up.
|J|Kevin Garrett
|J|Mr.378
|player|p1|Kevin Garrett|229
|player|p2|Mr.378|238
|gametype|singles
|gen|2
|tier|[Gen 2] OU
|seed|44842,17775,58398,51035
|rule|Sleep Clause Mod: Limit one foe put to sleep
|rule|Species Clause: Limit one of each Pokémon
|rule|OHKO Clause: OHKO moves are banned
|rule|Evasion Moves Clause: Evasion moves are banned
|rule|HP Percentage Mod: HP is shown in percentages
|
|start
|switch|p1a: Snorlax|Snorlax, M|523\/523
|switch|p2a: Zapdos|Zapdos|383\/383
|turn|1
|J|Triangles RSE
|J|We Three Kings
|J|soulgazer
|J|Syl♥ie Lyyneheym
|J|TDK @ Super Rod
|J|Mysterious M
|J|bro fist
|c|★Mr.378|hf
|J|in_search9
|J|camilas
|J|Pearl
|J|Conflict
|J|Esteemed User
|J|demolition code
|J|Prague Kick
|J|LUCK>SKILL
|J|marrano
|raw|<div class="broadcast-red"><b>Moderated chat was set to @!<\/b><br \/>Only users of rank @ and higher can talk.<\/div>
|J|atomicllamas ☾
|J|hyogafodex
|J|Fish18
|J|big red monster
|J|Love&Drugs
|J|Low Ladder Heroes
|J|ttfTw
|choice|switch 2|move thunder
|
|switch|p1a: Nidoking|Nidoking, M|365\/365
|move|p2a: Zapdos|Thunder|p1a: Nidoking
|-immune|p1a: Nidoking|[msg]
|
|upkeep
|turn|2
|J|Contacting
|J|Biosci
|J|Klefkwi ~ ♆
|J|Ojama
|J|THE PDC SHOW
|J|Peasounay
|J|i punch black"ppl"
|L|camilas
|J|TheThorn
|J|obii°
|J|choolio iglesias
|choice|switch 2|move hiddenpower
|
|switch|p1a: Snorlax|Snorlax, M|523\/523
|move|p2a: Zapdos|Hidden Power|p1a: Snorlax
|-damage|p1a: Snorlax|464\/523
|
|-heal|p1a: Snorlax|496\/523|[from] item: Leftovers
|upkeep
|turn|3
|J|mael
|J|SOULWIND❄
|J|FINCHINATOR
|J|Hector Hard Mode
|J|Pohjis
|J|TSR
|J|Flaress
|J|ReshiRampage
|J|NJNP➏神
|J|The Trap God
|J|giara ★_★
|J|n00b
|J|fdj
|J|Croven
|choice|move curse|move thunder
|
|move|p2a: Zapdos|Thunder|p1a: Snorlax|[miss]
|-miss|p2a: Zapdos|p1a: Snorlax
|move|p1a: Snorlax|Curse|p1a: Snorlax
|-unboost|p1a: Snorlax|spe|1
|-boost|p1a: Snorlax|atk|1
|-boost|p1a: Snorlax|def|1
|
|-heal|p1a: Snorlax|523\/523|[from] item: Leftovers
|upkeep
|turn|4
|J|zebraiken
|J|paper dreams
|J|Rampecker
|choice|move lovelykiss|switch 3
|
|switch|p2a: Gengar|Gengar, M|323\/323
|move|p1a: Snorlax|Lovely Kiss|p2a: Gengar
|-status|p2: Gengar|slp
|
|upkeep
|turn|5
|J|Northbridge
|J|SweetPosho
|J|ABR
|J|broken dreams
|J|marcop9923
|choice|switch 3|switch 5
|
|switch|p2a: Cloyster|Cloyster, M|303\/303
|switch|p1a: Umbreon|Umbreon, M|393\/393
|
|upkeep
|turn|6
|J|tko
|J|reyscarface
|J|Lacus Clyne
|J|trash
|J|Enki
|J|Ciele
|J|Crystal_ rby
|J|Obliviate.
|J|McMeghan
|J|Eo
|choice|switch 4|move spikes
|
|switch|p1a: Forretress|Forretress, M|353\/353
|move|p2a: Cloyster|Spikes|p1a: Forretress
|-sidestart|p1: Kevin Garrett|Spikes
|
|upkeep
|turn|7
|choice|move spikes|move surf
|
|move|p2a: Cloyster|Surf|p1a: Forretress
|-damage|p1a: Forretress|221\/353
|move|p1a: Forretress|Spikes|p2a: Cloyster
|-sidestart|p2: Mr.378|Spikes
|
|-heal|p1a: Forretress|243\/353|[from] item: Leftovers
|upkeep
|turn|8
|J|Heavenly Jewel
|choice|move gigadrain|move surf
|
|move|p2a: Cloyster|Surf|p1a: Forretress
|-damage|p1a: Forretress|106\/353
|move|p1a: Forretress|Giga Drain|p2a: Cloyster
|-supereffective|p2a: Cloyster
|-damage|p2a: Cloyster|197\/303
|-heal|p1a: Forretress|159\/353|[from] drain|[of] p2a: Cloyster
|
|-heal|p2a: Cloyster|215\/303|[from] item: Leftovers
|-heal|p1a: Forretress|181\/353|[from] item: Leftovers
|upkeep
|turn|9
|J|Snou
|L|TSR
|choice|move rapidspin|move surf
|
|move|p2a: Cloyster|Surf|p1a: Forretress
|-damage|p1a: Forretress|48\/353
|move|p1a: Forretress|Rapid Spin|p2a: Cloyster
|-damage|p2a: Cloyster|205\/303
|-sideend|p1: Kevin Garrett|Spikes|[from] move: Rapid Spin|[of] p1a: Forretress
|
|-heal|p2a: Cloyster|223\/303|[from] item: Leftovers
|-heal|p1a: Forretress|70\/353|[from] item: Leftovers
|upkeep
|turn|10
|J|Fireburn
|J|Crying Bayleef
|choice|move explosion|move spikes
|
|move|p2a: Cloyster|Spikes|p1a: Forretress
|-sidestart|p1: Kevin Garrett|Spikes
|move|p1a: Forretress|Explosion|p2a: Cloyster
|-crit|p2a: Cloyster
|-damage|p2a: Cloyster|0 fnt
|faint|p2a: Cloyster
|faint|p1a: Forretress
|J|dice
|J|Ed
|J|Adam the First
|J|camilas
|choice|switch 2|switch 2
|
|switch|p1a: Nidoking|Nidoking, M|365\/365
|switch|p2a: Snorlax|Snorlax, M|523\/523
|-damage|p1a: Nidoking|320\/365|[from] Spikes
|-damage|p2a: Snorlax|458\/523|[from] Spikes
|
|-heal|p1a: Nidoking|342\/365|[from] item: Leftovers
|-heal|p2a: Snorlax|490\/523|[from] item: Leftovers
|upkeep
|turn|11
|L|camilas
|J|Duck Chris
|J|Sabella*
|choice|switch 4|move curse
|
|switch|p1a: Umbreon|Umbreon, M|393\/393
|-damage|p1a: Umbreon|344\/393|[from] Spikes
|move|p2a: Snorlax|Curse|p2a: Snorlax
|-unboost|p2a: Snorlax|spe|1
|-boost|p2a: Snorlax|atk|1
|-boost|p2a: Snorlax|def|1
|
|-heal|p1a: Umbreon|368\/393|[from] item: Leftovers
|-heal|p2a: Snorlax|522\/523|[from] item: Leftovers
|upkeep
|turn|12
|L|zebraiken
|choice|move charm|move bodyslam
|
|move|p1a: Umbreon|Charm|p2a: Snorlax
|-unboost|p2a: Snorlax|atk|2
|move|p2a: Snorlax|Body Slam|p1a: Umbreon
|-crit|p1a: Umbreon
|-damage|p1a: Umbreon|186\/393
|
|-heal|p1a: Umbreon|210\/393|[from] item: Leftovers
|-heal|p2a: Snorlax|523\/523|[from] item: Leftovers
|upkeep
|turn|13
|J|Ghostly Owns
|L|Sabella*
|J|Genesis7
|L|Ghostly Owns
|J|Acacia
|choice|move pursuit|move bodyslam
|
|move|p1a: Umbreon|Pursuit|p2a: Snorlax
|-damage|p2a: Snorlax|490\/523
|move|p2a: Snorlax|Body Slam|p1a: Umbreon
|-damage|p1a: Umbreon|146\/393
|
|-heal|p1a: Umbreon|170\/393|[from] item: Leftovers
|-heal|p2a: Snorlax|522\/523|[from] item: Leftovers
|upkeep
|turn|14
|J|Sabella*
|J|Fear
|choice|move rest|switch 3
|
|switch|p2a: Zapdos|Zapdos|383\/383
|move|p1a: Umbreon|Rest|p1a: Umbreon
|-status|p1: Umbreon|slp
|-heal|p1a: Umbreon|393\/393 slp|[silent]
|-status|p1a: Umbreon|slp|[from] move: Rest
|
|upkeep
|turn|15
|choice|move rest|move thunder
|
|move|p2a: Zapdos|Thunder|p1a: Umbreon
|-damage|p1a: Umbreon|252\/393 slp
|cant|p1: Umbreon|slp
|
|-heal|p1a: Umbreon|276\/393 slp|[from] item: Leftovers
|upkeep
|turn|16
|choice|move sleeptalk|move thunder
|
|move|p2a: Zapdos|Thunder|p1a: Umbreon|[miss]
|-miss|p2a: Zapdos|p1a: Umbreon
|cant|p1: Umbreon|slp
|move|p1a: Umbreon|Sleep Talk|p1a: Umbreon
|move|p1a: Umbreon|Pursuit|p2a: Zapdos|[from]Sleep Talk
|-crit|p2a: Zapdos
|-damage|p2a: Zapdos|309\/383
|
|-heal|p2a: Zapdos|332\/383|[from] item: Leftovers
|-heal|p1a: Umbreon|300\/393 slp|[from] item: Leftovers
|upkeep
|turn|17
|L|Duck Chris
|J|M Dragon☼-
|choice|switch 4|move thunder
|
|switch|p1a: Nidoking|Nidoking, M|342\/365
|-damage|p1a: Nidoking|297\/365|[from] Spikes
|move|p2a: Zapdos|Thunder|p1a: Nidoking
|-immune|p1a: Nidoking|[msg]
|
|-heal|p2a: Zapdos|355\/383|[from] item: Leftovers
|-heal|p1a: Nidoking|319\/365|[from] item: Leftovers
|upkeep
|turn|18
|L|M Dragon☼-
|J|M Dragon☼-
|choice|move icebeam|switch 3
|
|switch|p2a: Snorlax|Snorlax, M|522\/523
|-damage|p2a: Snorlax|457\/523|[from] Spikes
|move|p1a: Nidoking|Ice Beam|p2a: Snorlax
|-damage|p2a: Snorlax|396\/523
|
|-heal|p1a: Nidoking|341\/365|[from] item: Leftovers
|-heal|p2a: Snorlax|428\/523|[from] item: Leftovers
|upkeep
|turn|19
|J|Finding True Love
|choice|switch 4|move bodyslam
|
|switch|p1a: Umbreon|Umbreon, M|300\/393 slp
|-damage|p1a: Umbreon|251\/393 slp|[from] Spikes
|move|p2a: Snorlax|Body Slam|p1a: Umbreon
|-damage|p1a: Umbreon|155\/393 slp
|
|-heal|p1a: Umbreon|179\/393 slp|[from] item: Leftovers
|-heal|p2a: Snorlax|460\/523|[from] item: Leftovers
|upkeep
|turn|20
|choice|move charm|switch 3
|
|switch|p2a: Zapdos|Zapdos|355\/383
|-curestatus|p1a: Umbreon|slp|[msg]
|move|p1a: Umbreon|Charm|p2a: Zapdos
|-unboost|p2a: Zapdos|atk|2
|
|-heal|p2a: Zapdos|378\/383|[from] item: Leftovers
|-heal|p1a: Umbreon|203\/393|[from] item: Leftovers
|upkeep
|turn|21
|choice|move rest|move thunder
|
|move|p2a: Zapdos|Thunder|p1a: Umbreon
|-damage|p1a: Umbreon|75\/393
|move|p1a: Umbreon|Rest|p1a: Umbreon
|-status|p1: Umbreon|slp
|-heal|p1a: Umbreon|393\/393 slp|[silent]
|-status|p1a: Umbreon|slp|[from] move: Rest
|
|-heal|p2a: Zapdos|383\/383|[from] item: Leftovers
|upkeep
|turn|22
|choice|move sleeptalk|move thunder
|
|move|p2a: Zapdos|Thunder|p1a: Umbreon
|-damage|p1a: Umbreon|259\/393 slp
|cant|p1: Umbreon|slp
|move|p1a: Umbreon|Sleep Talk|p1a: Umbreon
|move|p1a: Umbreon|Rest|p1a: Umbreon|[from]Sleep Talk
|-heal|p1a: Umbreon|393\/393 slp|[silent]
|-status|p1a: Umbreon|slp|[from] move: Rest
|
|upkeep
|turn|23
|J|sam-testings睡觉
|J|yuukafu
|choice|move rest|switch 6
|
|switch|p2a: Marowak|Marowak, M|323\/323
|-damage|p2a: Marowak|283\/323|[from] Spikes
|cant|p1: Umbreon|slp
|
|upkeep
|turn|24
|L|Genesis7
|J|Mr.E
|J|partys over
|J|Pandeth
|L|big red monster
|J|Holiano
|J|miltankmilk
|L|Pandeth
|J|The Mawile Ace
|L|miltankmilk
|L|sam-testings睡觉
|L|The Trap God
|J|The Trap God
|choice|move sleeptalk|move swordsdance
|
|cant|p1: Umbreon|slp
|move|p1a: Umbreon|Sleep Talk|p1a: Umbreon
|move|p1a: Umbreon|Charm|p2a: Marowak|[from]Sleep Talk
|-unboost|p2a: Marowak|atk|2
|move|p2a: Marowak|Swords Dance|p2a: Marowak
|-boost|p2a: Marowak|atk|2
|
|upkeep
|turn|25
|choice|move charm|move swordsdance
|
|-curestatus|p1a: Umbreon|slp|[msg]
|move|p1a: Umbreon|Charm|p2a: Marowak
|-unboost|p2a: Marowak|atk|2
|move|p2a: Marowak|Swords Dance|p2a: Marowak
|-boost|p2a: Marowak|atk|2
|
|upkeep
|turn|26
|J|Karppi
|choice|switch 6|move swordsdance
|
|switch|p1a: Exeggutor|Exeggutor, M|369\/369
|-damage|p1a: Exeggutor|323\/369|[from] Spikes
|move|p2a: Marowak|Swords Dance|p2a: Marowak
|-boost|p2a: Marowak|atk|2
|
|-heal|p1a: Exeggutor|346\/369|[from] item: Leftovers
|upkeep
|turn|27
|L|The Trap God
|J|The Trap God
|L|partys over
|choice|move gigadrain|move hiddenpower
|
|move|p1a: Exeggutor|Giga Drain|p2a: Marowak
|-supereffective|p2a: Marowak
|-damage|p2a: Marowak|80\/323
|-heal|p1a: Exeggutor|369\/369|[from] drain|[of] p2a: Marowak
|move|p2a: Marowak|Hidden Power|p1a: Exeggutor
|-supereffective|p1a: Exeggutor
|-damage|p1a: Exeggutor|0 fnt
|faint|p1a: Exeggutor
|J|dodmen
|L|The Mawile Ace
|J|Vai Lusa
|choice|switch 4|
|
|switch|p1a: Nidoking|Nidoking, M|341\/365
|-damage|p1a: Nidoking|296\/365|[from] Spikes
|
|-heal|p1a: Nidoking|318\/365|[from] item: Leftovers
|upkeep
|turn|28
|L|LUCK>SKILL
|J|Jayde
|J|LUCK>SKILL
|choice|move earthquake|switch 3
|
|switch|p2a: Snorlax|Snorlax, M|460\/523
|-damage|p2a: Snorlax|395\/523|[from] Spikes
|move|p1a: Nidoking|Earthquake|p2a: Snorlax
|-damage|p2a: Snorlax|251\/523
|
|-heal|p1a: Nidoking|340\/365|[from] item: Leftovers
|-heal|p2a: Snorlax|283\/523|[from] item: Leftovers
|upkeep
|turn|29
|J|Lord Outrage ♆
|L|The Trap God
|J|NaughtyOttsel
|J|The Trap God
|J|The Mawile Ace
|J|OakCommaGary
|choice|switch 6|move bodyslam
|
|switch|p1a: Umbreon|Umbreon, M|393\/393
|-damage|p1a: Umbreon|344\/393|[from] Spikes
|move|p2a: Snorlax|Body Slam|p1a: Umbreon
|-damage|p1a: Umbreon|239\/393
|-status|p1a: Umbreon|par
|
|-heal|p2a: Snorlax|315\/523|[from] item: Leftovers
|-heal|p1a: Umbreon|263\/393 par|[from] item: Leftovers
|upkeep
|turn|30
|J|miltankmilk
|L|Adam the First
|J|Bughouse
|choice|move charm|move bodyslam
|
|move|p2a: Snorlax|Body Slam|p1a: Umbreon
|-damage|p1a: Umbreon|167\/393 par
|move|p1a: Umbreon|Charm|p2a: Snorlax
|-unboost|p2a: Snorlax|atk|2
|
|-heal|p2a: Snorlax|347\/523|[from] item: Leftovers
|-heal|p1a: Umbreon|191\/393 par|[from] item: Leftovers
|upkeep
|turn|31
|J|Neutral Zone ◄
|L|The Trap God
|J|talkin on the low
|L|Neutral Zone ◄
|choice|move rest|switch 3
|
|switch|p2a: Marowak|Marowak, M|80\/323
|-damage|p2a: Marowak|40\/323|[from] Spikes
|cant|p1: Umbreon|par
|
|-heal|p1a: Umbreon|215\/393 par|[from] item: Leftovers
|upkeep
|turn|32
|J|TSR
|J|poek97 ❄
|L|The Mawile Ace
|L|Sabella*
|J|z0mOG
|J|hamhamhamham
|choice|switch 5|move earthquake
|
|switch|p1a: Machamp|Machamp, M|383\/383
|-damage|p1a: Machamp|336\/383|[from] Spikes
|move|p2a: Marowak|Earthquake|p1a: Machamp
|-crit|p1a: Machamp
|-damage|p1a: Machamp|0 fnt
|faint|p1a: Machamp
|choice|switch 6|
|
|switch|p1a: Nidoking|Nidoking, M|340\/365
|-damage|p1a: Nidoking|295\/365|[from] Spikes
|
|-heal|p1a: Nidoking|317\/365|[from] item: Leftovers
|upkeep
|turn|33
|choice|move icebeam|move earthquake
|
|move|p1a: Nidoking|Ice Beam|p2a: Marowak
|-supereffective|p2a: Marowak
|-damage|p2a: Marowak|0 fnt
|faint|p2a: Marowak
|choice||switch 3
|
|switch|p2a: Snorlax|Snorlax, M|347\/523
|-damage|p2a: Snorlax|282\/523|[from] Spikes
|
|-heal|p1a: Nidoking|339\/365|[from] item: Leftovers
|-heal|p2a: Snorlax|314\/523|[from] item: Leftovers
|upkeep
|turn|34
|J|k3nan ☭
|J|Moonclawz
|J|Vinc2612
|J|Lucas87 º-º
|choice|switch 3|move bodyslam
|
|switch|p1a: Snorlax|Snorlax, M|523\/523
|-damage|p1a: Snorlax|458\/523|[from] Spikes
|move|p2a: Snorlax|Body Slam|p1a: Snorlax
|-damage|p1a: Snorlax|326\/523
|
|-heal|p1a: Snorlax|358\/523|[from] item: Leftovers
|-heal|p2a: Snorlax|346\/523|[from] item: Leftovers
|upkeep
|turn|35
|J|Sabella*
|J|prajpran
|J|Saample Teams
|L|Saample Teams
|J|blunderr
|J|falcons _zf
|choice|move curse|move curse
|
|move|p2a: Snorlax|Curse|p2a: Snorlax
|-unboost|p2a: Snorlax|spe|1
|-boost|p2a: Snorlax|atk|1
|-boost|p2a: Snorlax|def|1
|move|p1a: Snorlax|Curse|p1a: Snorlax
|-unboost|p1a: Snorlax|spe|1
|-boost|p1a: Snorlax|atk|1
|-boost|p1a: Snorlax|def|1
|
|-heal|p2a: Snorlax|378\/523|[from] item: Leftovers
|-heal|p1a: Snorlax|390\/523|[from] item: Leftovers
|upkeep
|turn|36
|J|ChillShadow
|J|Freeroamer
|J|Lutra
|J|azure kingpin
|J|Coconut
|J|Pandeth
|choice|move curse|move curse
|
|move|p1a: Snorlax|Curse|p1a: Snorlax
|-unboost|p1a: Snorlax|spe|1
|-boost|p1a: Snorlax|atk|1
|-boost|p1a: Snorlax|def|1
|move|p2a: Snorlax|Curse|p2a: Snorlax
|-unboost|p2a: Snorlax|spe|1
|-boost|p2a: Snorlax|atk|1
|-boost|p2a: Snorlax|def|1
|
|-heal|p1a: Snorlax|422\/523|[from] item: Leftovers
|-heal|p2a: Snorlax|410\/523|[from] item: Leftovers
|upkeep
|turn|37
|J|The Trap God
|J|Saample Teams
|J|Nintendi
|J|SparksBlade
|choice|move curse|move curse
|
|move|p1a: Snorlax|Curse|p1a: Snorlax
|-unboost|p1a: Snorlax|spe|1
|-boost|p1a: Snorlax|atk|1
|-boost|p1a: Snorlax|def|1
|move|p2a: Snorlax|Curse|p2a: Snorlax
|-unboost|p2a: Snorlax|spe|1
|-boost|p2a: Snorlax|atk|1
|-boost|p2a: Snorlax|def|1
|
|-heal|p1a: Snorlax|454\/523|[from] item: Leftovers
|-heal|p2a: Snorlax|442\/523|[from] item: Leftovers
|upkeep
|turn|38
|J|noveliss
|J|The Idiot Ninja
|J|Ninja
|choice|move curse|move curse
|
|move|p1a: Snorlax|Curse|p1a: Snorlax
|-unboost|p1a: Snorlax|spe|1
|-boost|p1a: Snorlax|atk|1
|-boost|p1a: Snorlax|def|1
|move|p2a: Snorlax|Curse|p2a: Snorlax
|-unboost|p2a: Snorlax|spe|1
|-boost|p2a: Snorlax|atk|1
|-boost|p2a: Snorlax|def|1
|
|-heal|p1a: Snorlax|486\/523|[from] item: Leftovers
|-heal|p2a: Snorlax|474\/523|[from] item: Leftovers
|upkeep
|turn|39
|L|marcop9923
|J|LERU
|L|azure kingpin
|L|NaughtyOttsel
|choice|move curse|move curse
|
|move|p1a: Snorlax|Curse|p1a: Snorlax
|-unboost|p1a: Snorlax|spe|1
|-boost|p1a: Snorlax|atk|1
|-boost|p1a: Snorlax|def|1
|move|p2a: Snorlax|Curse|p2a: Snorlax
|-unboost|p2a: Snorlax|spe|1
|-boost|p2a: Snorlax|atk|1
|-boost|p2a: Snorlax|def|1
|
|-heal|p1a: Snorlax|518\/523|[from] item: Leftovers
|-heal|p2a: Snorlax|506\/523|[from] item: Leftovers
|upkeep
|turn|40
|choice|move curse|move bodyslam
|
|move|p2a: Snorlax|Body Slam|p1a: Snorlax
|-damage|p1a: Snorlax|402\/523
|-status|p1a: Snorlax|par
|move|p1a: Snorlax|Curse|p1a: Snorlax
|-unboost|p1a: Snorlax|spe|1
|-boost|p1a: Snorlax|atk|1
|-boost|p1a: Snorlax|def|1
|
|-heal|p2a: Snorlax|523\/523|[from] item: Leftovers
|-heal|p1a: Snorlax|434\/523 par|[from] item: Leftovers
|upkeep
|turn|41
|J|Rei
|J|Foggi キング
|L|M Dragon☼-
|J|M Dragon☼-
|choice|move rest|move curse
|
|move|p2a: Snorlax|Curse|p2a: Snorlax
|-unboost|p2a: Snorlax|spe|1
|-boost|p2a: Snorlax|atk|1
|-boost|p2a: Snorlax|def|1
|cant|p1: Snorlax|par
|
|-heal|p1a: Snorlax|466\/523 par|[from] item: Leftovers
|upkeep
|turn|42
|choice|move rest|move bodyslam
|
|move|p2a: Snorlax|Body Slam|p1a: Snorlax
|-damage|p1a: Snorlax|357\/523 par
|move|p1a: Snorlax|Rest|p1a: Snorlax
|-status|p1: Snorlax|slp
|-heal|p1a: Snorlax|523\/523 slp|[silent]
|-status|p1a: Snorlax|slp|[from] move: Rest
|
|upkeep
|turn|43
|J|MajorBowman
|choice|move doubleedge|move bodyslam
|
|cant|p1: Snorlax|slp
|move|p2a: Snorlax|Body Slam|p1a: Snorlax
|-damage|p1a: Snorlax|411\/523 slp
|
|-heal|p1a: Snorlax|443\/523 slp|[from] item: Leftovers
|upkeep
|turn|44
|J|ict ❤❄
|choice|move doubleedge|move bodyslam
|
|cant|p1: Snorlax|slp
|move|p2a: Snorlax|Body Slam|p1a: Snorlax
|-damage|p1a: Snorlax|343\/523 slp
|
|-heal|p1a: Snorlax|375\/523 slp|[from] item: Leftovers
|upkeep
|turn|45
|J|Spl4sh
|J|boudouche
|J|iamgingy
|choice|move rest|move bodyslam
|
|move|p2a: Snorlax|Body Slam|p1a: Snorlax
|-damage|p1a: Snorlax|262\/523 slp
|-curestatus|p1a: Snorlax|slp|[msg]
|move|p1a: Snorlax|Rest|p1a: Snorlax
|-status|p1: Snorlax|slp
|-heal|p1a: Snorlax|523\/523 slp|[silent]
|-status|p1a: Snorlax|slp|[from] move: Rest
|
|upkeep
|turn|46
|J|Nelson
|choice|move rest|move bodyslam
|
|cant|p1: Snorlax|slp
|move|p2a: Snorlax|Body Slam|p1a: Snorlax
|-damage|p1a: Snorlax|415\/523 slp
|
|-heal|p1a: Snorlax|447\/523 slp|[from] item: Leftovers
|upkeep
|turn|47
|J|marcop9923
|J|speks.
|choice|move rest|move bodyslam
|
|cant|p1: Snorlax|slp
|move|p2a: Snorlax|Body Slam|p1a: Snorlax
|-damage|p1a: Snorlax|345\/523 slp
|
|-heal|p1a: Snorlax|377\/523 slp|[from] item: Leftovers
|upkeep
|turn|48
|J|Axel10⚠️⚠️
|J|ludicrousman
|J|habajiga
|choice|move doubleedge|move bodyslam
|
|-curestatus|p1a: Snorlax|slp|[msg]
|move|p1a: Snorlax|Double-Edge|p2a: Snorlax
|-damage|p2a: Snorlax|367\/523
|-damage|p1a: Snorlax|338\/523|[from] recoil|[of] p2a: Snorlax
|move|p2a: Snorlax|Body Slam|p1a: Snorlax
|-damage|p1a: Snorlax|221\/523
|-status|p1a: Snorlax|par
|
|-heal|p2a: Snorlax|399\/523|[from] item: Leftovers
|-heal|p1a: Snorlax|253\/523 par|[from] item: Leftovers
|upkeep
|turn|49
|choice|move rest|move bodyslam
|
|move|p2a: Snorlax|Body Slam|p1a: Snorlax
|-damage|p1a: Snorlax|142\/523 par
|move|p1a: Snorlax|Rest|p1a: Snorlax
|-status|p1: Snorlax|slp
|-heal|p1a: Snorlax|523\/523 slp|[silent]
|-status|p1a: Snorlax|slp|[from] move: Rest
|
|-heal|p2a: Snorlax|431\/523|[from] item: Leftovers
|upkeep
|turn|50
|choice|move rest|move bodyslam
|
|move|p2a: Snorlax|Body Slam|p1a: Snorlax
|-damage|p1a: Snorlax|407\/523 slp
|cant|p1: Snorlax|slp
|
|-heal|p1a: Snorlax|439\/523 slp|[from] item: Leftovers
|-heal|p2a: Snorlax|463\/523|[from] item: Leftovers
|upkeep
|turn|51
|choice|move rest|move selfdestruct
|
|move|p2a: Snorlax|Self-Destruct|p1a: Snorlax
|-damage|p1a: Snorlax|0 fnt
|faint|p1a: Snorlax
|faint|p2a: Snorlax
|J|luckstard
|J|Sugar K Leonard
|J|talkingtree
|J|BlueSkiddoWeCanToo
|J|ggggd
|L|Lacus Clyne
|choice|switch 5|switch 6
|
|switch|p2a: Zapdos|Zapdos|383\/383
|switch|p1a: Umbreon|Umbreon, M|215\/393 par
|-damage|p1a: Umbreon|166\/393 par|[from] Spikes
|
|-heal|p1a: Umbreon|190\/393 par|[from] item: Leftovers
|upkeep
|turn|52
|choice|move rest|move thunder
|
|move|p2a: Zapdos|Thunder|p1a: Umbreon
|-damage|p1a: Umbreon|62\/393 par
|move|p1a: Umbreon|Rest|p1a: Umbreon
|-status|p1: Umbreon|slp
|-heal|p1a: Umbreon|393\/393 slp|[silent]
|-status|p1a: Umbreon|slp|[from] move: Rest
|
|upkeep
|turn|53
|L|Obliviate.
|L|speks.
|choice|move sleeptalk|move thunder
|
|move|p2a: Zapdos|Thunder|p1a: Umbreon
|-damage|p1a: Umbreon|266\/393 slp
|cant|p1: Umbreon|slp
|move|p1a: Umbreon|Sleep Talk|p1a: Umbreon
|move|p1a: Umbreon|Rest|p1a: Umbreon|[from]Sleep Talk
|-heal|p1a: Umbreon|393\/393 slp|[silent]
|-status|p1a: Umbreon|slp|[from] move: Rest
|
|upkeep
|turn|54
|J|Seishi Kishimoto
|choice|move sleeptalk|move thunder
|
|move|p2a: Zapdos|Thunder|p1a: Umbreon
|-crit|p1a: Umbreon
|-damage|p1a: Umbreon|140\/393 slp
|cant|p1: Umbreon|slp
|move|p1a: Umbreon|Sleep Talk|p1a: Umbreon
|move|p1a: Umbreon|Charm|p2a: Zapdos|[from]Sleep Talk
|-unboost|p2a: Zapdos|atk|2
|
|-heal|p1a: Umbreon|164\/393 slp|[from] item: Leftovers
|upkeep
|turn|55
|J|Adexdq
|J|clueless❤️
|L|OakCommaGary
|L|Saample Teams
|choice|move sleeptalk|move thunder
|
|move|p2a: Zapdos|Thunder|p1a: Umbreon|[miss]
|-miss|p2a: Zapdos|p1a: Umbreon
|cant|p1: Umbreon|slp
|move|p1a: Umbreon|Sleep Talk|p1a: Umbreon
|move|p1a: Umbreon|Charm|p2a: Zapdos|[from]Sleep Talk
|-unboost|p2a: Zapdos|atk|2
|
|-heal|p1a: Umbreon|188\/393 slp|[from] item: Leftovers
|upkeep
|turn|56
|J|RU Gengar
|choice|move rest|move thunder
|
|move|p2a: Zapdos|Thunder|p1a: Umbreon
|-damage|p1a: Umbreon|49\/393 slp
|-curestatus|p1a: Umbreon|slp|[msg]
|move|p1a: Umbreon|Rest|p1a: Umbreon
|-status|p1: Umbreon|slp
|-heal|p1a: Umbreon|393\/393 slp|[silent]
|-status|p1a: Umbreon|slp|[from] move: Rest
|
|upkeep
|turn|57
|J|smurfer
|choice|move sleeptalk|move thunder
|
|move|p2a: Zapdos|Thunder|p1a: Umbreon
|-damage|p1a: Umbreon|248\/393 slp
|cant|p1: Umbreon|slp
|move|p1a: Umbreon|Sleep Talk|p1a: Umbreon
|move|p1a: Umbreon|Rest|p1a: Umbreon|[from]Sleep Talk
|-heal|p1a: Umbreon|393\/393 slp|[silent]
|-status|p1a: Umbreon|slp|[from] move: Rest
|
|upkeep
|turn|58
|choice|move sleeptalk|move thunder
|
|move|p2a: Zapdos|Thunder|p1a: Umbreon
|-damage|p1a: Umbreon|245\/393 slp
|cant|p1: Umbreon|slp
|move|p1a: Umbreon|Sleep Talk|p1a: Umbreon
|move|p1a: Umbreon|Rest|p1a: Umbreon|[from]Sleep Talk
|-heal|p1a: Umbreon|393\/393 slp|[silent]
|-status|p1a: Umbreon|slp|[from] move: Rest
|
|upkeep
|turn|59
|choice|move sleeptalk|move thunder
|
|move|p2a: Zapdos|Thunder|p1a: Umbreon|[miss]
|-miss|p2a: Zapdos|p1a: Umbreon
|cant|p1: Umbreon|slp
|move|p1a: Umbreon|Sleep Talk|p1a: Umbreon
|move|p1a: Umbreon|Rest|p1a: Umbreon|[from]Sleep Talk
|-fail|p1a: Umbreon
|
|upkeep
|turn|60
|J|qsns
|J|Hootie
|J|sam-testings睡觉
|J|1 True Lycan
|L|prajpran
|L|LUCK>SKILL
|choice|move rest|move hiddenpower
|
|move|p2a: Zapdos|Hidden Power|p1a: Umbreon
|-damage|p1a: Umbreon|342\/393 slp
|cant|p1: Umbreon|slp
|
|-heal|p1a: Umbreon|366\/393 slp|[from] item: Leftovers
|upkeep
|turn|61
|J|marry me emma
|J|SamVGC ✿
|L|TheThorn
|choice|move pursuit|move hiddenpower
|
|move|p2a: Zapdos|Hidden Power|p1a: Umbreon
|-damage|p1a: Umbreon|314\/393 slp
|-curestatus|p1a: Umbreon|slp|[msg]
|move|p1a: Umbreon|Pursuit|p2a: Zapdos
|-damage|p2a: Zapdos|342\/383
|
|-heal|p2a: Zapdos|365\/383|[from] item: Leftovers
|-heal|p1a: Umbreon|338\/393|[from] item: Leftovers
|upkeep
|turn|62
|J|LUCK>SKILL
|J|TheThorn
|L|Syl♥ie Lyyneheym
|choice|move pursuit|move hiddenpower
|
|move|p2a: Zapdos|Hidden Power|p1a: Umbreon
|-damage|p1a: Umbreon|280\/393
|move|p1a: Umbreon|Pursuit|p2a: Zapdos
|-damage|p2a: Zapdos|324\/383
|
|-heal|p2a: Zapdos|347\/383|[from] item: Leftovers
|-heal|p1a: Umbreon|304\/393|[from] item: Leftovers
|upkeep
|turn|63
|L|Ninja
|J|Syl♥ie Lyyneheym
|L|Fish18
|choice|move rest|switch 4
|
|switch|p2a: Exeggutor|Exeggutor, M|393\/393
|-damage|p2a: Exeggutor|344\/393|[from] Spikes
|move|p1a: Umbreon|Rest|p1a: Umbreon
|-status|p1: Umbreon|slp
|-heal|p1a: Umbreon|393\/393 slp|[silent]
|-status|p1a: Umbreon|slp|[from] move: Rest
|
|-heal|p2a: Exeggutor|368\/393|[from] item: Leftovers
|upkeep
|turn|64
|choice|move sleeptalk|move hiddenpower
|
|cant|p1: Umbreon|slp
|move|p1a: Umbreon|Sleep Talk|p1a: Umbreon
|move|p1a: Umbreon|Rest|p1a: Umbreon|[from]Sleep Talk
|-fail|p1a: Umbreon
|move|p2a: Exeggutor|Hidden Power|p1a: Umbreon
|-damage|p1a: Umbreon|342\/393 slp
|
|-heal|p1a: Umbreon|366\/393 slp|[from] item: Leftovers
|-heal|p2a: Exeggutor|392\/393|[from] item: Leftovers
|upkeep
|turn|65
|L|smurfer
|L|Adexdq
|choice|move sleeptalk|move explosion
|
|cant|p1: Umbreon|slp
|move|p1a: Umbreon|Sleep Talk|p1a: Umbreon
|move|p1a: Umbreon|Pursuit|p2a: Exeggutor|[from]Sleep Talk
|-supereffective|p2a: Exeggutor
|-damage|p2a: Exeggutor|298\/393
|move|p2a: Exeggutor|Explosion|p1a: Umbreon
|-damage|p1a: Umbreon|0 fnt
|faint|p1a: Umbreon
|faint|p2a: Exeggutor
|L|noveliss
|choice|switch 3|switch 4
|
|switch|p2a: Zapdos|Zapdos|347\/383
|switch|p1a: Nidoking|Nidoking, M|339\/365
|-damage|p1a: Nidoking|294\/365|[from] Spikes
|
|-heal|p2a: Zapdos|370\/383|[from] item: Leftovers
|-heal|p1a: Nidoking|316\/365|[from] item: Leftovers
|upkeep
|turn|66
|choice|move icebeam|move hiddenpower
|
|move|p2a: Zapdos|Hidden Power|p1a: Nidoking
|-supereffective|p1a: Nidoking
|-damage|p1a: Nidoking|164\/365
|move|p1a: Nidoking|Ice Beam|p2a: Zapdos
|-supereffective|p2a: Zapdos
|-damage|p2a: Zapdos|228\/383
|
|-heal|p2a: Zapdos|251\/383|[from] item: Leftovers
|-heal|p1a: Nidoking|186\/365|[from] item: Leftovers
|upkeep
|turn|67
|L|M Dragon☼-
|L|Croven
|J|Sun ~
|choice|move morningsun|move hiddenpower
|
|move|p2a: Zapdos|Hidden Power|p1a: Nidoking
|-supereffective|p1a: Nidoking
|-damage|p1a: Nidoking|20\/365
|move|p1a: Nidoking|Morning Sun|p1a: Nidoking
|-heal|p1a: Nidoking|202\/365
|
|-heal|p2a: Zapdos|274\/383|[from] item: Leftovers
|-heal|p1a: Nidoking|224\/365|[from] item: Leftovers
|upkeep
|turn|68
|J|fatalitatis
|J|Lohgock
|J|Neive
|L|TheThorn
|choice|move morningsun|move hiddenpower
|
|move|p2a: Zapdos|Hidden Power|p1a: Nidoking
|-supereffective|p1a: Nidoking
|-damage|p1a: Nidoking|65\/365
|move|p1a: Nidoking|Morning Sun|p1a: Nidoking
|-heal|p1a: Nidoking|247\/365
|
|-heal|p2a: Zapdos|297\/383|[from] item: Leftovers
|-heal|p1a: Nidoking|269\/365|[from] item: Leftovers
|upkeep
|turn|69
|J|TheThorn
|choice|move morningsun|move hiddenpower
|
|move|p2a: Zapdos|Hidden Power|p1a: Nidoking
|-supereffective|p1a: Nidoking
|-damage|p1a: Nidoking|104\/365
|move|p1a: Nidoking|Morning Sun|p1a: Nidoking
|-heal|p1a: Nidoking|286\/365
|
|-heal|p2a: Zapdos|320\/383|[from] item: Leftovers
|-heal|p1a: Nidoking|308\/365|[from] item: Leftovers
|upkeep
|turn|70
|L|marrano
|J|M Dragon☼-
|J|syncrasy
|J|Cdumas
|J|marrano
|L|Hector Hard Mode
|J|hoodhoot
|choice|move icebeam|move hiddenpower
|
|move|p2a: Zapdos|Hidden Power|p1a: Nidoking
|-supereffective|p1a: Nidoking
|-damage|p1a: Nidoking|166\/365
|move|p1a: Nidoking|Ice Beam|p2a: Zapdos
|-supereffective|p2a: Zapdos
|-damage|p2a: Zapdos|180\/383
|
|-heal|p2a: Zapdos|203\/383|[from] item: Leftovers
|-heal|p1a: Nidoking|188\/365|[from] item: Leftovers
|upkeep
|turn|71
|L|hoodhoot
|choice|move morningsun|move hiddenpower
|
|move|p2a: Zapdos|Hidden Power|p1a: Nidoking
|-supereffective|p1a: Nidoking
|-damage|p1a: Nidoking|28\/365
|move|p1a: Nidoking|Morning Sun|p1a: Nidoking
|-heal|p1a: Nidoking|210\/365
|
|-heal|p2a: Zapdos|226\/383|[from] item: Leftovers
|-heal|p1a: Nidoking|232\/365|[from] item: Leftovers
|upkeep
|turn|72
|choice|move morningsun|move hiddenpower
|
|move|p2a: Zapdos|Hidden Power|p1a: Nidoking
|-crit|p1a: Nidoking
|-supereffective|p1a: Nidoking
|-damage|p1a: Nidoking|0 fnt
|faint|p1a: Nidoking
|
|win|Mr.378</script>
</div>
<div class="battle-log battle-log-inline"><div class="inner"><div class="battle-options"></div><div class="inner"><div class="chat message-error">Battle timer is ON: inactive players will automatically lose when time's up.</div><div class=""><small>Format:</small> <br><strong>[Gen 2] OU</strong></div><div class=""><small><em>Sleep Clause Mod:</em> Limit one foe put to sleep</small></div><div class=""><small><em>Species Clause:</em> Limit one of each Pokémon</small></div><div class=""><small><em>OHKO Clause:</em> OHKO moves are banned</small></div><div class=""><small><em>Evasion Moves Clause:</em> Evasion moves are banned</small></div><div class=""><small><em>HP Percentage Mod:</em> HP is shown in percentages</small></div><div class="spacer battle-history"><br></div><div class="battle-history">Battle started between Kevin Garrett and Mr.378!<br></div><div class="spacer battle-history"><br></div><div class="battle-history">Go! <strong>Snorlax</strong>!<br></div><div class="spacer battle-history"><br></div><div class="battle-history">Mr.378 sent out <strong>Zapdos</strong>!<br></div><div class="spacer battle-history"><br></div><h2 class="battle-history">Turn 1</h2><div class="chat chatmessage-mr378"><strong style="color:#909217"><small>★</small><span class="username" data-name="Mr.378">Mr.378</span>:</strong> <em>hf</em></div><div class="chat"><div class="broadcast-red"><b>Moderated chat was set to @!</b><br>Only users of rank @ and higher can talk.</div></div><div class="spacer battle-history"><br></div><div class="battle-history">Snorlax, come back!<br></div><div class="battle-history">Go! <strong>Nidoking</strong>!<br></div><div class="spacer battle-history"><br></div><div class="battle-history">The opposing Zapdos used <strong>Thunder</strong>!<br></div><div class="battle-history"><small>It doesn't affect Nidoking...</small><br></div><div class="spacer battle-history"><br></div><h2 class="battle-history">Turn 2</h2><div class="spacer battle-history"><br></div><div class="battle-history">Nidoking, come back!<br></div><div class="battle-history">Go! <strong>Snorlax</strong>!<br></div><div class="spacer battle-history"><br></div><div class="battle-history">The opposing Zapdos used <strong>Hidden Power</strong>!<br></div><div class="battle-history"><small>(Snorlax lost <abbr title="−59/523">11.3%</abbr> of its health!)</small><br></div><div class="spacer battle-history"><br></div><div class="battle-history"><small>Snorlax restored a little HP using its Leftovers!</small><br></div><div class="spacer battle-history"><br></div><h2 class="battle-history">Turn 3</h2><div class="spacer battle-history"><br></div><div class="battle-history">The opposing Zapdos used <strong>Thunder</strong>!<br></div><div class="battle-history"><small>Snorlax avoided the attack!</small><br></div><div class="spacer battle-history"><br></div><div class="battle-history">Snorlax used <strong>Curse</strong>!<br></div><div class="battle-history"><small>Snorlax's Speed fell!</small><br></div><div class="battle-history"><small>Snorlax's Attack rose!</small><br></div><div class="battle-history"><small>Snorlax's Defense rose!</small><br></div><div class="spacer battle-history"><br></div><div class="battle-history"><small>Snorlax restored a little HP using its Leftovers!</small><br></div><div class="spacer battle-history"><br></div><h2 class="battle-history">Turn 4</h2><div class="spacer battle-history"><br></div><div class="battle-history">Mr.378 withdrew Zapdos!<br></div><div class="battle-history">Mr.378 sent out <strong>Gengar</strong>!<br></div><div class="spacer battle-history"><br></div><div class="battle-history">Snorlax used <strong>Lovely Kiss</strong>!<br></div><div class="battle-history"><small>The opposing Gengar fell asleep!</small><br></div><div class="spacer battle-history"><br></div><h2 class="battle-history">Turn 5</h2><div class="spacer battle-history"><br></div><div class="battle-history">Mr.378 withdrew Gengar!<br></div><div class="battle-history">Mr.378 sent out <strong>Cloyster</strong>!<br></div><div class="spacer battle-history"><br></div><div class="battle-history">Snorlax, come back!<br></div><div class="battle-history">Go! <strong>Umbreon</strong>!<br></div><div class="spacer battle-history"><br></div><h2 class="battle-history">Turn 6</h2><div class="spacer battle-history"><br></div><div class="battle-history">Umbreon, come back!<br></div><div class="battle-history">Go! <strong>Forretress</strong>!<br></div><div class="spacer battle-history"><br></div><div class="battle-history">The opposing Cloyster used <strong>Spikes</strong>!<br></div><div class="battle-history"><small>Spikes were scattered on the ground all around your team!</small><br></div><div class="spacer battle-history"><br></div><h2 class="battle-history">Turn 7</h2><div class="spacer battle-history"><br></div><div class="battle-history">The opposing Cloyster used <strong>Surf</strong>!<br></div><div class="battle-history"><small>(Forretress lost <abbr title="−132/353">37.4%</abbr> of its health!)</small><br></div><div class="spacer battle-history"><br></div><div class="battle-history">Forretress used <strong>Spikes</strong>!<br></div><div class="battle-history"><small>Spikes were scattered on the ground all around the opposing team!</small><br></div><div class="spacer battle-history"><br></div><div class="battle-history"><small>Forretress restored a little HP using its Leftovers!</small><br></div><div class="spacer battle-history"><br></div><h2 class="battle-history">Turn 8</h2><div class="spacer battle-history"><br></div><div class="battle-history">The opposing Cloyster used <strong>Surf</strong>!<br></div><div class="battle-history"><small>(Forretress lost <abbr title="−137/353">38.8%</abbr> of its health!)</small><br></div><div class="spacer battle-history"><br></div><div class="battle-history">Forretress used <strong>Giga Drain</strong>!<br></div><div class="battle-history"><small>It's super effective!</small><br></div><div class="battle-history"><small>(The opposing Cloyster lost <abbr title="−106/303">35.0%</abbr> of its health!)</small><br></div><div class="battle-history"><small>The opposing Cloyster had its energy drained!</small><br></div><div class="spacer battle-history"><br></div><div class="battle-history"><small>The opposing Cloyster restored a little HP using its Leftovers!</small><br></div><div class="battle-history"><small>Forretress restored a little HP using its Leftovers!</small><br></div><div class="spacer battle-history"><br></div><h2 class="battle-history">Turn 9</h2><div class="spacer battle-history"><br></div><div class="battle-history">The opposing Cloyster used <strong>Surf</strong>!<br></div><div class="battle-history"><small>(Forretress lost <abbr title="−133/353">37.7%</abbr> of its health!)</small><br></div><div class="spacer battle-history"><br></div><div class="battle-history">Forretress used <strong>Rapid Spin</strong>!<br></div><div class="battle-history"><small>(The opposing Cloyster lost <abbr title="−10/303">3.3%</abbr> of its health!)</small><br></div><div class="battle-history"><small>The spikes disappeared from the ground around your team!</small><br></div><div class="spacer battle-history"><br></div><div class="battle-history"><small>The opposing Cloyster restored a little HP using its Leftovers!</small><br></div><div class="battle-history"><small>Forretress restored a little HP using its Leftovers!</small><br></div><div class="spacer battle-history"><br></div><h2 class="battle-history">Turn 10</h2><div class="spacer battle-history"><br></div><div class="battle-history">The opposing Cloyster used <strong>Spikes</strong>!<br></div><div class="battle-history"><small>Spikes were scattered on the ground all around your team!</small><br></div><div class="spacer battle-history"><br></div><div class="battle-history">Forretress used <strong>Explosion</strong>!<br></div><div class="battle-history"><small>A critical hit!</small><br></div><div class="battle-history"><small>(The opposing Cloyster lost <abbr title="−223/303">73.6%</abbr> of its health!)</small><br></div><div class="spacer battle-history"><br></div><div class="battle-history">The opposing Cloyster fainted!<br></div><div class="battle-history">Forretress fainted!<br></div><div class="spacer battle-history"><br></div><div class="battle-history">Go! <strong>Nidoking</strong>!<br></div><div class="spacer battle-history"><br></div><div class="battle-history">Mr.378 sent out <strong>Snorlax</strong>!<br></div><div class="battle-history"><small>Nidoking was hurt by the spikes!</small><br></div><div class="battle-history"><small>The opposing Snorlax was hurt by the spikes!</small><br></div><div class="spacer battle-history"><br></div><div class="battle-history"><small>Nidoking restored a little HP using its Leftovers!</small><br></div><div class="battle-history"><small>The opposing Snorlax restored a little HP using its Leftovers!</small><br></div><div class="spacer battle-history"><br></div><h2 class="battle-history">Turn 11</h2><div class="spacer battle-history"><br></div><div class="battle-history">Nidoking, come back!<br></div><div class="battle-history">Go! <strong>Umbreon</strong>!<br></div><div class="battle-history"><small>Umbreon was hurt by the spikes!</small><br></div><div class="spacer battle-history"><br></div><div class="battle-history">The opposing Snorlax used <strong>Curse</strong>!<br></div><div class="battle-history"><small>The opposing Snorlax's Speed fell!</small><br></div><div class="battle-history"><small>The opposing Snorlax's Attack rose!</small><br></div><div class="battle-history"><small>The opposing Snorlax's Defense rose!</small><br></div><div class="spacer battle-history"><br></div><div class="battle-history"><small>Umbreon restored a little HP using its Leftovers!</small><br></div><div class="battle-history"><small>The opposing Snorlax restored a little HP using its Leftovers!</small><br></div><div class="spacer battle-history"><br></div><h2 class="battle-history">Turn 12</h2><div class="spacer battle-history"><br></div><div class="battle-history">Umbreon used <strong>Charm</strong>!<br></div><div class="battle-history"><small>The opposing Snorlax's Attack fell harshly!</small><br></div><div class="spacer battle-history"><br></div><div class="battle-history">The opposing Snorlax used <strong>Body Slam</strong>!<br></div><div class="battle-history"><small>A critical hit!</small><br></div><div class="battle-history"><small>(Umbreon lost <abbr title="−182/393">46.3%</abbr> of its health!)</small><br></div><div class="spacer battle-history"><br></div><div class="battle-history"><small>Umbreon restored a little HP using its Leftovers!</small><br></div><div class="battle-history"><small>The opposing Snorlax restored a little HP using its Leftovers!</small><br></div><div class="spacer battle-history"><br></div><h2 class="battle-history">Turn 13</h2><div class="spacer battle-history"><br></div><div class="battle-history">Umbreon used <strong>Pursuit</strong>!<br></div><div class="battle-history"><small>(The opposing Snorlax lost <abbr title="−33/523">6.3%</abbr> of its health!)</small><br></div><div class="spacer battle-history"><br></div><div class="battle-history">The opposing Snorlax used <strong>Body Slam</strong>!<br></div><div class="battle-history"><small>(Umbreon lost <abbr title="−64/393">16.3%</abbr> of its health!)</small><br></div><div class="spacer battle-history"><br></div><div class="battle-history"><small>Umbreon restored a little HP using its Leftovers!</small><br></div><div class="battle-history"><small>The opposing Snorlax restored a little HP using its Leftovers!</small><br></div><div class="spacer battle-history"><br></div><h2 class="battle-history">Turn 14</h2><div class="spacer battle-history"><br></div><div class="battle-history">Mr.378 withdrew Snorlax!<br></div><div class="battle-history">Mr.378 sent out <strong>Zapdos</strong>!<br></div><div class="spacer battle-history"><br></div><div class="battle-history">Umbreon used <strong>Rest</strong>!<br></div><div class="battle-history"><small>Umbreon fell asleep!</small><br></div><div class="battle-history"><small>Umbreon slept and became healthy!</small><br></div><div class="spacer battle-history"><br></div><h2 class="battle-history">Turn 15</h2><div class="spacer battle-history"><br></div><div class="battle-history">The opposing Zapdos used <strong>Thunder</strong>!<br></div><div class="battle-history"><small>(Umbreon lost <abbr title="−141/393">35.9%</abbr> of its health!)</small><br></div><div class="spacer battle-history"><br></div><div class="battle-history">Umbreon is fast asleep.<br></div><div class="spacer battle-history"><br></div><div class="battle-history"><small>Umbreon restored a little HP using its Leftovers!</small><br></div><div class="spacer battle-history"><br></div><h2 class="battle-history">Turn 16</h2><div class="spacer battle-history"><br></div><div class="battle-history">The opposing Zapdos used <strong>Thunder</strong>!<br></div><div class="battle-history"><small>Umbreon avoided the attack!</small><br></div><div class="spacer battle-history"><br></div><div class="battle-history">Umbreon is fast asleep.<br></div><div class="spacer battle-history"><br></div><div class="battle-history">Umbreon used <strong>Sleep Talk</strong>!<br></div><div class="spacer battle-history"><br></div><div class="battle-history">Umbreon used <strong>Pursuit</strong>!<br></div><div class="battle-history"><small>A critical hit!</small><br></div><div class="battle-history"><small>(The opposing Zapdos lost <abbr title="−74/383">19.3%</abbr> of its health!)</small><br></div><div class="spacer battle-history"><br></div><div class="battle-history"><small>The opposing Zapdos restored a little HP using its Leftovers!</small><br></div><div class="battle-history"><small>Umbreon restored a little HP using its Leftovers!</small><br></div><div class="spacer battle-history"><br></div><h2 class="battle-history">Turn 17</h2><div class="spacer battle-history"><br></div><div class="battle-history">Umbreon, come back!<br></div><div class="battle-history">Go! <strong>Nidoking</strong>!<br></div><div class="battle-history"><small>Nidoking was hurt by the spikes!</small><br></div><div class="spacer battle-history"><br></div><div class="battle-history">The opposing Zapdos used <strong>Thunder</strong>!<br></div><div class="battle-history"><small>It doesn't affect Nidoking...</small><br></div><div class="spacer battle-history"><br></div><div class="battle-history"><small>The opposing Zapdos restored a little HP using its Leftovers!</small><br></div><div class="battle-history"><small>Nidoking restored a little HP using its Leftovers!</small><br></div><div class="spacer battle-history"><br></div><h2 class="battle-history">Turn 18</h2><div class="spacer battle-history"><br></div><div class="battle-history">Mr.378 withdrew Zapdos!<br></div><div class="battle-history">Mr.378 sent out <strong>Snorlax</strong>!<br></div><div class="battle-history"><small>The opposing Snorlax was hurt by the spikes!</small><br></div><div class="spacer battle-history"><br></div><div class="battle-history">Nidoking used <strong>Ice Beam</strong>!<br></div><div class="battle-history"><small>(The opposing Snorlax lost <abbr title="−61/523">11.7%</abbr> of its health!)</small><br></div><div class="spacer battle-history"><br></div><div class="battle-history"><small>Nidoking restored a little HP using its Leftovers!</small><br></div><div class="battle-history"><small>The opposing Snorlax restored a little HP using its Leftovers!</small><br></div><div class="spacer battle-history"><br></div><h2 class="battle-history">Turn 19</h2><div class="spacer battle-history"><br></div><div class="battle-history">Nidoking, come back!<br></div><div class="battle-history">Go! <strong>Umbreon</strong>!<br></div><div class="battle-history"><small>Umbreon was hurt by the spikes!</small><br></div><div class="spacer battle-history"><br></div><div class="battle-history">The opposing Snorlax used <strong>Body Slam</strong>!<br></div><div class="battle-history"><small>(Umbreon lost <abbr title="−96/393">24.4%</abbr> of its health!)</small><br></div><div class="spacer battle-history"><br></div><div class="battle-history"><small>Umbreon restored a little HP using its Leftovers!</small><br></div><div class="battle-history"><small>The opposing Snorlax restored a little HP using its Leftovers!</small><br></div><div class="spacer battle-history"><br></div><h2 class="battle-history">Turn 20</h2><div class="spacer battle-history"><br></div><div class="battle-history">Mr.378 withdrew Snorlax!<br></div><div class="battle-history">Mr.378 sent out <strong>Zapdos</strong>!<br></div><div class="battle-history"><small>Umbreon woke up!</small><br></div><div class="spacer battle-history"><br></div><div class="battle-history">Umbreon used <strong>Charm</strong>!<br></div><div class="battle-history"><small>The opposing Zapdos's Attack fell harshly!</small><br></div><div class="spacer battle-history"><br></div><div class="battle-history"><small>The opposing Zapdos restored a little HP using its Leftovers!</small><br></div><div class="battle-history"><small>Umbreon restored a little HP using its Leftovers!</small><br></div><div class="spacer battle-history"><br></div><h2 class="battle-history">Turn 21</h2><div class="spacer battle-history"><br></div><div class="battle-history">The opposing Zapdos used <strong>Thunder</strong>!<br></div><div class="battle-history"><small>(Umbreon lost <abbr title="−128/393">32.6%</abbr> of its health!)</small><br></div><div class="spacer battle-history"><br></div><div class="battle-history">Umbreon used <strong>Rest</strong>!<br></div><div class="battle-history"><small>Umbreon fell asleep!</small><br></div><div class="battle-history"><small>Umbreon slept and became healthy!</small><br></div><div class="spacer battle-history"><br></div><div class="battle-history"><small>The opposing Zapdos restored a little HP using its Leftovers!</small><br></div><div class="spacer battle-history"><br></div><h2 class="battle-history">Turn 22</h2><div class="spacer battle-history"><br></div><div class="battle-history">The opposing Zapdos used <strong>Thunder</strong>!<br></div><div class="battle-history"><small>(Umbreon lost <abbr title="−134/393">34.1%</abbr> of its health!)</small><br></div><div class="spacer battle-history"><br></div><div class="battle-history">Umbreon is fast asleep.<br></div><div class="spacer battle-history"><br></div><div class="battle-history">Umbreon used <strong>Sleep Talk</strong>!<br></div><div class="spacer battle-history"><br></div><div class="battle-history">Umbreon used <strong>Rest</strong>!<br></div><div class="battle-history"><small>Umbreon slept and became healthy!</small><br></div><div class="spacer battle-history"><br></div><h2 class="battle-history">Turn 23</h2><div class="spacer battle-history"><br></div><div class="battle-history">Mr.378 withdrew Zapdos!<br></div><div class="battle-history">Mr.378 sent out <strong>Marowak</strong>!<br></div><div class="battle-history"><small>The opposing Marowak was hurt by the spikes!</small><br></div><div class="spacer battle-history"><br></div><div class="battle-history">Umbreon is fast asleep.<br></div><div class="spacer battle-history"><br></div><h2 class="battle-history">Turn 24</h2><div class="spacer battle-history"><br></div><div class="battle-history">Umbreon is fast asleep.<br></div><div class="spacer battle-history"><br></div><div class="battle-history">Umbreon used <strong>Sleep Talk</strong>!<br></div><div class="spacer battle-history"><br></div><div class="battle-history">Umbreon used <strong>Charm</strong>!<br></div><div class="battle-history"><small>The opposing Marowak's Attack fell harshly!</small><br></div><div class="spacer battle-history"><br></div><div class="battle-history">The opposing Marowak used <strong>Swords Dance</strong>!<br></div><div class="battle-history"><small>The opposing Marowak's Attack rose sharply!</small><br></div><div class="spacer battle-history"><br></div><h2 class="battle-history">Turn 25</h2><div class="spacer battle-history"><br></div><div class="battle-history"><small>Umbreon woke up!</small><br></div><div class="spacer battle-history"><br></div><div class="battle-history">Umbreon used <strong>Charm</strong>!<br></div><div class="battle-history"><small>The opposing Marowak's Attack fell harshly!</small><br></div><div class="spacer battle-history"><br></div><div class="battle-history">The opposing Marowak used <strong>Swords Dance</strong>!<br></div><div class="battle-history"><small>The opposing Marowak's Attack rose sharply!</small><br></div><div class="spacer battle-history"><br></div><h2 class="battle-history">Turn 26</h2><div class="spacer battle-history"><br></div><div class="battle-history">Umbreon, come back!<br></div><div class="battle-history">Go! <strong>Exeggutor</strong>!<br></div><div class="battle-history"><small>Exeggutor was hurt by the spikes!</small><br></div><div class="spacer battle-history"><br></div><div class="battle-history">The opposing Marowak used <strong>Swords Dance</strong>!<br></div><div class="battle-history"><small>The opposing Marowak's Attack rose sharply!</small><br></div><div class="spacer battle-history"><br></div><div class="battle-history"><small>Exeggutor restored a little HP using its Leftovers!</small><br></div><div class="spacer battle-history"><br></div><h2 class="battle-history">Turn 27</h2><div class="spacer battle-history"><br></div><div class="battle-history">Exeggutor used <strong>Giga Drain</strong>!<br></div><div class="battle-history"><small>It's super effective!</small><br></div><div class="battle-history"><small>(The opposing Marowak lost <abbr title="−203/323">62.8%</abbr> of its health!)</small><br></div><div class="battle-history"><small>The opposing Marowak had its energy drained!</small><br></div><div class="spacer battle-history"><br></div><div class="battle-history">The opposing Marowak used <strong>Hidden Power</strong>!<br></div><div class="battle-history"><small>It's super effective!</small><br></div><div class="battle-history"><small>(Exeggutor lost <abbr title="−369/369">100%</abbr> of its health!)</small><br></div><div class="spacer battle-history"><br></div><div class="battle-history">Exeggutor fainted!<br></div><div class="spacer battle-history"><br></div><div class="battle-history">Go! <strong>Nidoking</strong>!<br></div><div class="battle-history"><small>Nidoking was hurt by the spikes!</small><br></div><div class="spacer battle-history"><br></div><div class="battle-history"><small>Nidoking restored a little HP using its Leftovers!</small><br></div><div class="spacer battle-history"><br></div><h2 class="battle-history">Turn 28</h2><div class="spacer battle-history"><br></div><div class="battle-history">Mr.378 withdrew Marowak!<br></div><div class="battle-history">Mr.378 sent out <strong>Snorlax</strong>!<br></div><div class="battle-history"><small>The opposing Snorlax was hurt by the spikes!</small><br></div><div class="spacer battle-history"><br></div><div class="battle-history">Nidoking used <strong>Earthquake</strong>!<br></div><div class="battle-history"><small>(The opposing Snorlax lost <abbr title="−144/523">27.5%</abbr> of its health!)</small><br></div><div class="spacer battle-history"><br></div><div class="battle-history"><small>Nidoking restored a little HP using its Leftovers!</small><br></div><div class="battle-history"><small>The opposing Snorlax restored a little HP using its Leftovers!</small><br></div><div class="spacer battle-history"><br></div><h2 class="battle-history">Turn 29</h2><div class="spacer battle-history"><br></div><div class="battle-history">Nidoking, come back!<br></div><div class="battle-history">Go! <strong>Umbreon</strong>!<br></div><div class="battle-history"><small>Umbreon was hurt by the spikes!</small><br></div><div class="spacer battle-history"><br></div><div class="battle-history">The opposing Snorlax used <strong>Body Slam</strong>!<br></div><div class="battle-history"><small>(Umbreon lost <abbr title="−105/393">26.7%</abbr> of its health!)</small><br></div><div class="battle-history"><small>Umbreon is paralyzed! It may be unable to move!</small><br></div><div class="spacer battle-history"><br></div><div class="battle-history"><small>The opposing Snorlax restored a little HP using its Leftovers!</small><br></div><div class="battle-history"><small>Umbreon restored a little HP using its Leftovers!</small><br></div><div class="spacer battle-history"><br></div><h2 class="battle-history">Turn 30</h2><div class="spacer battle-history"><br></div><div class="battle-history">The opposing Snorlax used <strong>Body Slam</strong>!<br></div><div class="battle-history"><small>(Umbreon lost <abbr title="−96/393">24.4%</abbr> of its health!)</small><br></div><div class="spacer battle-history"><br></div><div class="battle-history">Umbreon used <strong>Charm</strong>!<br></div><div class="battle-history"><small>The opposing Snorlax's Attack fell harshly!</small><br></div><div class="spacer battle-history"><br></div><div class="battle-history"><small>The opposing Snorlax restored a little HP using its Leftovers!</small><br></div><div class="battle-history"><small>Umbreon restored a little HP using its Leftovers!</small><br></div><div class="spacer battle-history"><br></div><h2 class="battle-history">Turn 31</h2><div class="spacer battle-history"><br></div><div class="battle-history">Mr.378 withdrew Snorlax!<br></div><div class="battle-history">Mr.378 sent out <strong>Marowak</strong>!<br></div><div class="battle-history"><small>The opposing Marowak was hurt by the spikes!</small><br></div><div class="spacer battle-history"><br></div><div class="battle-history">Umbreon is paralyzed! It can't move!<br></div><div class="spacer battle-history"><br></div><div class="battle-history"><small>Umbreon restored a little HP using its Leftovers!</small><br></div><div class="spacer battle-history"><br></div><h2 class="battle-history">Turn 32</h2><div class="spacer battle-history"><br></div><div class="battle-history">Umbreon, come back!<br></div><div class="battle-history">Go! <strong>Machamp</strong>!<br></div><div class="battle-history"><small>Machamp was hurt by the spikes!</small><br></div><div class="spacer battle-history"><br></div><div class="battle-history">The opposing Marowak used <strong>Earthquake</strong>!<br></div><div class="battle-history"><small>A critical hit!</small><br></div><div class="battle-history"><small>(Machamp lost <abbr title="−336/383">87.7%</abbr> of its health!)</small><br></div><div class="spacer battle-history"><br></div><div class="battle-history">Machamp fainted!<br></div><div class="spacer battle-history"><br></div><div class="battle-history">Go! <strong>Nidoking</strong>!<br></div><div class="battle-history"><small>Nidoking was hurt by the spikes!</small><br></div><div class="spacer battle-history"><br></div><div class="battle-history"><small>Nidoking restored a little HP using its Leftovers!</small><br></div><div class="spacer battle-history"><br></div><h2 class="battle-history">Turn 33</h2><div class="spacer battle-history"><br></div><div class="battle-history">Nidoking used <strong>Ice Beam</strong>!<br></div><div class="battle-history"><small>It's super effective!</small><br></div><div class="battle-history"><small>(The opposing Marowak lost <abbr title="−40/323">12.4%</abbr> of its health!)</small><br></div><div class="spacer battle-history"><br></div><div class="battle-history">The opposing Marowak fainted!<br></div><div class="spacer battle-history"><br></div><div class="battle-history">Mr.378 sent out <strong>Snorlax</strong>!<br></div><div class="battle-history"><small>The opposing Snorlax was hurt by the spikes!</small><br></div><div class="spacer battle-history"><br></div><div class="battle-history"><small>Nidoking restored a little HP using its Leftovers!</small><br></div><div class="battle-history"><small>The opposing Snorlax restored a little HP using its Leftovers!</small><br></div><div class="spacer battle-history"><br></div><h2 class="battle-history">Turn 34</h2><div class="spacer battle-history"><br></div><div class="battle-history">Nidoking, come back!<br></div><div class="battle-history">Go! <strong>Snorlax</strong>!<br></div><div class="battle-history"><small>Snorlax was hurt by the spikes!</small><br></div><div class="spacer battle-history"><br></div><div class="battle-history">The opposing Snorlax used <strong>Body Slam</strong>!<br></div><div class="battle-history"><small>(Snorlax lost <abbr title="−132/523">25.2%</abbr> of its health!)</small><br></div><div class="spacer battle-history"><br></div><div class="battle-history"><small>Snorlax restored a little HP using its Leftovers!</small><br></div><div class="battle-history"><small>The opposing Snorlax restored a little HP using its Leftovers!</small><br></div><div class="spacer battle-history"><br></div><h2 class="battle-history">Turn 35</h2><div class="spacer battle-history"><br></div><div class="battle-history">The opposing Snorlax used <strong>Curse</strong>!<br></div><div class="battle-history"><small>The opposing Snorlax's Speed fell!</small><br></div><div class="battle-history"><small>The opposing Snorlax's Attack rose!</small><br></div><div class="battle-history"><small>The opposing Snorlax's Defense rose!</small><br></div><div class="spacer battle-history"><br></div><div class="battle-history">Snorlax used <strong>Curse</strong>!<br></div><div class="battle-history"><small>Snorlax's Speed fell!</small><br></div><div class="battle-history"><small>Snorlax's Attack rose!</small><br></div><div class="battle-history"><small>Snorlax's Defense rose!</small><br></div><div class="spacer battle-history"><br></div><div class="battle-history"><small>The opposing Snorlax restored a little HP using its Leftovers!</small><br></div><div class="battle-history"><small>Snorlax restored a little HP using its Leftovers!</small><br></div><div class="spacer battle-history"><br></div><h2 class="battle-history">Turn 36</h2><div class="spacer battle-history"><br></div><div class="battle-history">Snorlax used <strong>Curse</strong>!<br></div><div class="battle-history"><small>Snorlax's Speed fell!</small><br></div><div class="battle-history"><small>Snorlax's Attack rose!</small><br></div><div class="battle-history"><small>Snorlax's Defense rose!</small><br></div><div class="spacer battle-history"><br></div><div class="battle-history">The opposing Snorlax used <strong>Curse</strong>!<br></div><div class="battle-history"><small>The opposing Snorlax's Speed fell!</small><br></div><div class="battle-history"><small>The opposing Snorlax's Attack rose!</small><br></div><div class="battle-history"><small>The opposing Snorlax's Defense rose!</small><br></div><div class="spacer battle-history"><br></div><div class="battle-history"><small>Snorlax restored a little HP using its Leftovers!</small><br></div><div class="battle-history"><small>The opposing Snorlax restored a little HP using its Leftovers!</small><br></div><div class="spacer battle-history"><br></div><h2 class="battle-history">Turn 37</h2><div class="spacer battle-history"><br></div><div class="battle-history">Snorlax used <strong>Curse</strong>!<br></div><div class="battle-history"><small>Snorlax's Speed fell!</small><br></div><div class="battle-history"><small>Snorlax's Attack rose!</small><br></div><div class="battle-history"><small>Snorlax's Defense rose!</small><br></div><div class="spacer battle-history"><br></div><div class="battle-history">The opposing Snorlax used <strong>Curse</strong>!<br></div><div class="battle-history"><small>The opposing Snorlax's Speed fell!</small><br></div><div class="battle-history"><small>The opposing Snorlax's Attack rose!</small><br></div><div class="battle-history"><small>The opposing Snorlax's Defense rose!</small><br></div><div class="spacer battle-history"><br></div><div class="battle-history"><small>Snorlax restored a little HP using its Leftovers!</small><br></div><div class="battle-history"><small>The opposing Snorlax restored a little HP using its Leftovers!</small><br></div><div class="spacer battle-history"><br></div><h2 class="battle-history">Turn 38</h2><div class="spacer battle-history"><br></div><div class="battle-history">Snorlax used <strong>Curse</strong>!<br></div><div class="battle-history"><small>Snorlax's Speed fell!</small><br></div><div class="battle-history"><small>Snorlax's Attack rose!</small><br></div><div class="battle-history"><small>Snorlax's Defense rose!</small><br></div><div class="spacer battle-history"><br></div><div class="battle-history">The opposing Snorlax used <strong>Curse</strong>!<br></div><div class="battle-history"><small>The opposing Snorlax's Speed fell!</small><br></div><div class="battle-history"><small>The opposing Snorlax's Attack rose!</small><br></div><div class="battle-history"><small>The opposing Snorlax's Defense rose!</small><br></div><div class="spacer battle-history"><br></div><div class="battle-history"><small>Snorlax restored a little HP using its Leftovers!</small><br></div><div class="battle-history"><small>The opposing Snorlax restored a little HP using its Leftovers!</small><br></div><div class="spacer battle-history"><br></div><h2 class="battle-history">Turn 39</h2><div class="spacer battle-history"><br></div><div class="battle-history">Snorlax used <strong>Curse</strong>!<br></div><div class="battle-history"><small>Snorlax's Speed fell!</small><br></div><div class="battle-history"><small>Snorlax's Attack rose!</small><br></div><div class="battle-history"><small>Snorlax's Defense rose!</small><br></div><div class="spacer battle-history"><br></div><div class="battle-history">The opposing Snorlax used <strong>Curse</strong>!<br></div><div class="battle-history"><small>The opposing Snorlax's Speed fell!</small><br></div><div class="battle-history"><small>The opposing Snorlax's Attack rose!</small><br></div><div class="battle-history"><small>The opposing Snorlax's Defense rose!</small><br></div><div class="spacer battle-history"><br></div><div class="battle-history"><small>Snorlax restored a little HP using its Leftovers!</small><br></div><div class="battle-history"><small>The opposing Snorlax restored a little HP using its Leftovers!</small><br></div><div class="spacer battle-history"><br></div><h2 class="battle-history">Turn 40</h2><div class="spacer battle-history"><br></div><div class="battle-history">The opposing Snorlax used <strong>Body Slam</strong>!<br></div><div class="battle-history"><small>(Snorlax lost <abbr title="−116/523">22.2%</abbr> of its health!)</small><br></div><div class="battle-history"><small>Snorlax is paralyzed! It may be unable to move!</small><br></div><div class="spacer battle-history"><br></div><div class="battle-history">Snorlax used <strong>Curse</strong>!<br></div><div class="battle-history"><small>Snorlax's Speed fell!</small><br></div><div class="battle-history"><small>Snorlax's Attack rose!</small><br></div><div class="battle-history"><small>Snorlax's Defense rose!</small><br></div><div class="spacer battle-history"><br></div><div class="battle-history"><small>The opposing Snorlax restored a little HP using its Leftovers!</small><br></div><div class="battle-history"><small>Snorlax restored a little HP using its Leftovers!</small><br></div><div class="spacer battle-history"><br></div><h2 class="battle-history">Turn 41</h2><div class="spacer battle-history"><br></div><div class="battle-history">The opposing Snorlax used <strong>Curse</strong>!<br></div><div class="battle-history"><small>The opposing Snorlax's Speed fell!</small><br></div><div class="battle-history"><small>The opposing Snorlax's Attack rose!</small><br></div><div class="battle-history"><small>The opposing Snorlax's Defense rose!</small><br></div><div class="spacer battle-history"><br></div><div class="battle-history">Snorlax is paralyzed! It can't move!<br></div><div class="spacer battle-history"><br></div><div class="battle-history"><small>Snorlax restored a little HP using its Leftovers!</small><br></div><div class="spacer battle-history"><br></div><h2 class="battle-history">Turn 42</h2><div class="spacer battle-history"><br></div><div class="battle-history">The opposing Snorlax used <strong>Body Slam</strong>!<br></div><div class="battle-history"><small>(Snorlax lost <abbr title="−109/523">20.8%</abbr> of its health!)</small><br></div><div class="spacer battle-history"><br></div><div class="battle-history">Snorlax used <strong>Rest</strong>!<br></div><div class="battle-history"><small>Snorlax fell asleep!</small><br></div><div class="battle-history"><small>Snorlax slept and became healthy!</small><br></div><div class="spacer battle-history"><br></div><h2 class="battle-history">Turn 43</h2><div class="spacer battle-history"><br></div><div class="battle-history">Snorlax is fast asleep.<br></div><div class="spacer battle-history"><br></div><div class="battle-history">The opposing Snorlax used <strong>Body Slam</strong>!<br></div><div class="battle-history"><small>(Snorlax lost <abbr title="−112/523">21.4%</abbr> of its health!)</small><br></div><div class="spacer battle-history"><br></div><div class="battle-history"><small>Snorlax restored a little HP using its Leftovers!</small><br></div><div class="spacer battle-history"><br></div><h2 class="battle-history">Turn 44</h2><div class="spacer battle-history"><br></div><div class="battle-history">Snorlax is fast asleep.<br></div><div class="spacer battle-history"><br></div><div class="battle-history">The opposing Snorlax used <strong>Body Slam</strong>!<br></div><div class="battle-history"><small>(Snorlax lost <abbr title="−100/523">19.1%</abbr> of its health!)</small><br></div><div class="spacer battle-history"><br></div><div class="battle-history"><small>Snorlax restored a little HP using its Leftovers!</small><br></div><div class="spacer battle-history"><br></div><h2 class="battle-history">Turn 45</h2><div class="spacer battle-history"><br></div><div class="battle-history">The opposing Snorlax used <strong>Body Slam</strong>!<br></div><div class="battle-history"><small>(Snorlax lost <abbr title="−113/523">21.6%</abbr> of its health!)</small><br></div><div class="battle-history"><small>Snorlax woke up!</small><br></div><div class="spacer battle-history"><br></div><div class="battle-history">Snorlax used <strong>Rest</strong>!<br></div><div class="battle-history"><small>Snorlax fell asleep!</small><br></div><div class="battle-history"><small>Snorlax slept and became healthy!</small><br></div><div class="spacer battle-history"><br></div><h2 class="battle-history">Turn 46</h2><div class="spacer battle-history"><br></div><div class="battle-history">Snorlax is fast asleep.<br></div><div class="spacer battle-history"><br></div><div class="battle-history">The opposing Snorlax used <strong>Body Slam</strong>!<br></div><div class="battle-history"><small>(Snorlax lost <abbr title="−108/523">20.7%</abbr> of its health!)</small><br></div><div class="spacer battle-history"><br></div><div class="battle-history"><small>Snorlax restored a little HP using its Leftovers!</small><br></div><div class="spacer battle-history"><br></div><h2 class="battle-history">Turn 47</h2><div class="spacer battle-history"><br></div><div class="battle-history">Snorlax is fast asleep.<br></div><div class="spacer battle-history"><br></div><div class="battle-history">The opposing Snorlax used <strong>Body Slam</strong>!<br></div><div class="battle-history"><small>(Snorlax lost <abbr title="−102/523">19.5%</abbr> of its health!)</small><br></div><div class="spacer battle-history"><br></div><div class="battle-history"><small>Snorlax restored a little HP using its Leftovers!</small><br></div><div class="spacer battle-history"><br></div><h2 class="battle-history">Turn 48</h2><div class="spacer battle-history"><br></div><div class="battle-history"><small>Snorlax woke up!</small><br></div><div class="spacer battle-history"><br></div><div class="battle-history">Snorlax used <strong>Double-Edge</strong>!<br></div><div class="battle-history"><small>(The opposing Snorlax lost <abbr title="−156/523">29.8%</abbr> of its health!)</small><br></div><div class="battle-history"><small>Snorlax was damaged by the recoil!</small><br></div><div class="spacer battle-history"><br></div><div class="battle-history">The opposing Snorlax used <strong>Body Slam</strong>!<br></div><div class="battle-history"><small>(Snorlax lost <abbr title="−117/523">22.4%</abbr> of its health!)</small><br></div><div class="battle-history"><small>Snorlax is paralyzed! It may be unable to move!</small><br></div><div class="spacer battle-history"><br></div><div class="battle-history"><small>The opposing Snorlax restored a little HP using its Leftovers!</small><br></div><div class="battle-history"><small>Snorlax restored a little HP using its Leftovers!</small><br></div><div class="spacer battle-history"><br></div><h2 class="battle-history">Turn 49</h2><div class="spacer battle-history"><br></div><div class="battle-history">The opposing Snorlax used <strong>Body Slam</strong>!<br></div><div class="battle-history"><small>(Snorlax lost <abbr title="−111/523">21.2%</abbr> of its health!)</small><br></div><div class="spacer battle-history"><br></div><div class="battle-history">Snorlax used <strong>Rest</strong>!<br></div><div class="battle-history"><small>Snorlax fell asleep!</small><br></div><div class="battle-history"><small>Snorlax slept and became healthy!</small><br></div><div class="spacer battle-history"><br></div><div class="battle-history"><small>The opposing Snorlax restored a little HP using its Leftovers!</small><br></div><div class="spacer battle-history"><br></div><h2 class="battle-history">Turn 50</h2><div class="spacer battle-history"><br></div><div class="battle-history">The opposing Snorlax used <strong>Body Slam</strong>!<br></div><div class="battle-history"><small>(Snorlax lost <abbr title="−116/523">22.2%</abbr> of its health!)</small><br></div><div class="spacer battle-history"><br></div><div class="battle-history">Snorlax is fast asleep.<br></div><div class="spacer battle-history"><br></div><div class="battle-history"><small>Snorlax restored a little HP using its Leftovers!</small><br></div><div class="battle-history"><small>The opposing Snorlax restored a little HP using its Leftovers!</small><br></div><div class="spacer battle-history"><br></div><h2 class="battle-history">Turn 51</h2><div class="spacer battle-history"><br></div><div class="battle-history">The opposing Snorlax used <strong>Self-Destruct</strong>!<br></div><div class="battle-history"><small>(Snorlax lost <abbr title="−439/523">83.9%</abbr> of its health!)</small><br></div><div class="spacer battle-history"><br></div><div class="battle-history">Snorlax fainted!<br></div><div class="battle-history">The opposing Snorlax fainted!<br></div><div class="spacer battle-history"><br></div><div class="battle-history">Mr.378 sent out <strong>Zapdos</strong>!<br></div><div class="spacer battle-history"><br></div><div class="battle-history">Go! <strong>Umbreon</strong>!<br></div><div class="battle-history"><small>Umbreon was hurt by the spikes!</small><br></div><div class="spacer battle-history"><br></div><div class="battle-history"><small>Umbreon restored a little HP using its Leftovers!</small><br></div><div class="spacer battle-history"><br></div><h2 class="battle-history">Turn 52</h2><div class="spacer battle-history"><br></div><div class="battle-history">The opposing Zapdos used <strong>Thunder</strong>!<br></div><div class="battle-history"><small>(Umbreon lost <abbr title="−128/393">32.6%</abbr> of its health!)</small><br></div><div class="spacer battle-history"><br></div><div class="battle-history">Umbreon used <strong>Rest</strong>!<br></div><div class="battle-history"><small>Umbreon fell asleep!</small><br></div><div class="battle-history"><small>Umbreon slept and became healthy!</small><br></div><div class="spacer battle-history"><br></div><h2 class="battle-history">Turn 53</h2><div class="spacer battle-history"><br></div><div class="battle-history">The opposing Zapdos used <strong>Thunder</strong>!<br></div><div class="battle-history"><small>(Umbreon lost <abbr title="−127/393">32.3%</abbr> of its health!)</small><br></div><div class="spacer battle-history"><br></div><div class="battle-history">Umbreon is fast asleep.<br></div><div class="spacer battle-history"><br></div><div class="battle-history">Umbreon used <strong>Sleep Talk</strong>!<br></div><div class="spacer battle-history"><br></div><div class="battle-history">Umbreon used <strong>Rest</strong>!<br></div><div class="battle-history"><small>Umbreon slept and became healthy!</small><br></div><div class="spacer battle-history"><br></div><h2 class="battle-history">Turn 54</h2><div class="spacer battle-history"><br></div><div class="battle-history">The opposing Zapdos used <strong>Thunder</strong>!<br></div><div class="battle-history"><small>A critical hit!</small><br></div><div class="battle-history"><small>(Umbreon lost <abbr title="−253/393">64.4%</abbr> of its health!)</small><br></div><div class="spacer battle-history"><br></div><div class="battle-history">Umbreon is fast asleep.<br></div><div class="spacer battle-history"><br></div><div class="battle-history">Umbreon used <strong>Sleep Talk</strong>!<br></div><div class="spacer battle-history"><br></div><div class="battle-history">Umbreon used <strong>Charm</strong>!<br></div><div class="battle-history"><small>The opposing Zapdos's Attack fell harshly!</small><br></div><div class="spacer battle-history"><br></div><div class="battle-history"><small>Umbreon restored a little HP using its Leftovers!</small><br></div><div class="spacer battle-history"><br></div><h2 class="battle-history">Turn 55</h2><div class="spacer battle-history"><br></div><div class="battle-history">The opposing Zapdos used <strong>Thunder</strong>!<br></div><div class="battle-history"><small>Umbreon avoided the attack!</small><br></div><div class="spacer battle-history"><br></div><div class="battle-history">Umbreon is fast asleep.<br></div><div class="spacer battle-history"><br></div><div class="battle-history">Umbreon used <strong>Sleep Talk</strong>!<br></div><div class="spacer battle-history"><br></div><div class="battle-history">Umbreon used <strong>Charm</strong>!<br></div><div class="battle-history"><small>The opposing Zapdos's Attack fell harshly!</small><br></div><div class="spacer battle-history"><br></div><div class="battle-history"><small>Umbreon restored a little HP using its Leftovers!</small><br></div><div class="spacer battle-history"><br></div><h2 class="battle-history">Turn 56</h2><div class="spacer battle-history"><br></div><div class="battle-history">The opposing Zapdos used <strong>Thunder</strong>!<br></div><div class="battle-history"><small>(Umbreon lost <abbr title="−139/393">35.4%</abbr> of its health!)</small><br></div><div class="battle-history"><small>Umbreon woke up!</small><br></div><div class="spacer battle-history"><br></div><div class="battle-history">Umbreon used <strong>Rest</strong>!<br></div><div class="battle-history"><small>Umbreon fell asleep!</small><br></div><div class="battle-history"><small>Umbreon slept and became healthy!</small><br></div><div class="spacer battle-history"><br></div><h2 class="battle-history">Turn 57</h2><div class="spacer battle-history"><br></div><div class="battle-history">The opposing Zapdos used <strong>Thunder</strong>!<br></div><div class="battle-history"><small>(Umbreon lost <abbr title="−145/393">36.9%</abbr> of its health!)</small><br></div><div class="spacer battle-history"><br></div><div class="battle-history">Umbreon is fast asleep.<br></div><div class="spacer battle-history"><br></div><div class="battle-history">Umbreon used <strong>Sleep Talk</strong>!<br></div><div class="spacer battle-history"><br></div><div class="battle-history">Umbreon used <strong>Rest</strong>!<br></div><div class="battle-history"><small>Umbreon slept and became healthy!</small><br></div><div class="spacer battle-history"><br></div><h2 class="battle-history">Turn 58</h2><div class="spacer battle-history"><br></div><div class="battle-history">The opposing Zapdos used <strong>Thunder</strong>!<br></div><div class="battle-history"><small>(Umbreon lost <abbr title="−148/393">37.7%</abbr> of its health!)</small><br></div><div class="spacer battle-history"><br></div><div class="battle-history">Umbreon is fast asleep.<br></div><div class="spacer battle-history"><br></div><div class="battle-history">Umbreon used <strong>Sleep Talk</strong>!<br></div><div class="spacer battle-history"><br></div><div class="battle-history">Umbreon used <strong>Rest</strong>!<br></div><div class="battle-history"><small>Umbreon slept and became healthy!</small><br></div><div class="spacer battle-history"><br></div><h2 class="battle-history">Turn 59</h2><div class="spacer battle-history"><br></div><div class="battle-history">The opposing Zapdos used <strong>Thunder</strong>!<br></div><div class="battle-history"><small>Umbreon avoided the attack!</small><br></div><div class="spacer battle-history"><br></div><div class="battle-history">Umbreon is fast asleep.<br></div><div class="spacer battle-history"><br></div><div class="battle-history">Umbreon used <strong>Sleep Talk</strong>!<br></div><div class="spacer battle-history"><br></div><div class="battle-history">Umbreon used <strong>Rest</strong>!<br></div><div class="battle-history"><small>But it failed!</small><br></div><div class="spacer battle-history"><br></div><h2 class="battle-history">Turn 60</h2><div class="spacer battle-history"><br></div><div class="battle-history">The opposing Zapdos used <strong>Hidden Power</strong>!<br></div><div class="battle-history"><small>(Umbreon lost <abbr title="−51/393">13.0%</abbr> of its health!)</small><br></div><div class="spacer battle-history"><br></div><div class="battle-history">Umbreon is fast asleep.<br></div><div class="spacer battle-history"><br></div><div class="battle-history"><small>Umbreon restored a little HP using its Leftovers!</small><br></div><div class="spacer battle-history"><br></div><h2 class="battle-history">Turn 61</h2><div class="spacer battle-history"><br></div><div class="battle-history">The opposing Zapdos used <strong>Hidden Power</strong>!<br></div><div class="battle-history"><small>(Umbreon lost <abbr title="−52/393">13.2%</abbr> of its health!)</small><br></div><div class="battle-history"><small>Umbreon woke up!</small><br></div><div class="spacer battle-history"><br></div><div class="battle-history">Umbreon used <strong>Pursuit</strong>!<br></div><div class="battle-history"><small>(The opposing Zapdos lost <abbr title="−41/383">10.7%</abbr> of its health!)</small><br></div><div class="spacer battle-history"><br></div><div class="battle-history"><small>The opposing Zapdos restored a little HP using its Leftovers!</small><br></div><div class="battle-history"><small>Umbreon restored a little HP using its Leftovers!</small><br></div><div class="spacer battle-history"><br></div><h2 class="battle-history">Turn 62</h2><div class="spacer battle-history"><br></div><div class="battle-history">The opposing Zapdos used <strong>Hidden Power</strong>!<br></div><div class="battle-history"><small>(Umbreon lost <abbr title="−58/393">14.8%</abbr> of its health!)</small><br></div><div class="spacer battle-history"><br></div><div class="battle-history">Umbreon used <strong>Pursuit</strong>!<br></div><div class="battle-history"><small>(The opposing Zapdos lost <abbr title="−41/383">10.7%</abbr> of its health!)</small><br></div><div class="spacer battle-history"><br></div><div class="battle-history"><small>The opposing Zapdos restored a little HP using its Leftovers!</small><br></div><div class="battle-history"><small>Umbreon restored a little HP using its Leftovers!</small><br></div><div class="spacer battle-history"><br></div><h2 class="battle-history">Turn 63</h2><div class="spacer battle-history"><br></div><div class="battle-history">Mr.378 withdrew Zapdos!<br></div><div class="battle-history">Mr.378 sent out <strong>Exeggutor</strong>!<br></div><div class="battle-history"><small>The opposing Exeggutor was hurt by the spikes!</small><br></div><div class="spacer battle-history"><br></div><div class="battle-history">Umbreon used <strong>Rest</strong>!<br></div><div class="battle-history"><small>Umbreon fell asleep!</small><br></div><div class="battle-history"><small>Umbreon slept and became healthy!</small><br></div><div class="spacer battle-history"><br></div><div class="battle-history"><small>The opposing Exeggutor restored a little HP using its Leftovers!</small><br></div><div class="spacer battle-history"><br></div><h2 class="battle-history">Turn 64</h2><div class="spacer battle-history"><br></div><div class="battle-history">Umbreon is fast asleep.<br></div><div class="spacer battle-history"><br></div><div class="battle-history">Umbreon used <strong>Sleep Talk</strong>!<br></div><div class="spacer battle-history"><br></div><div class="battle-history">Umbreon used <strong>Rest</strong>!<br></div><div class="battle-history"><small>But it failed!</small><br></div><div class="spacer battle-history"><br></div><div class="battle-history">The opposing Exeggutor used <strong>Hidden Power</strong>!<br></div><div class="battle-history"><small>(Umbreon lost <abbr title="−51/393">13.0%</abbr> of its health!)</small><br></div><div class="spacer battle-history"><br></div><div class="battle-history"><small>Umbreon restored a little HP using its Leftovers!</small><br></div><div class="battle-history"><small>The opposing Exeggutor restored a little HP using its Leftovers!</small><br></div><div class="spacer battle-history"><br></div><h2 class="battle-history">Turn 65</h2><div class="spacer battle-history"><br></div><div class="battle-history">Umbreon is fast asleep.<br></div><div class="spacer battle-history"><br></div><div class="battle-history">Umbreon used <strong>Sleep Talk</strong>!<br></div><div class="spacer battle-history"><br></div><div class="battle-history">Umbreon used <strong>Pursuit</strong>!<br></div><div class="battle-history"><small>It's super effective!</small><br></div><div class="battle-history"><small>(The opposing Exeggutor lost <abbr title="−94/393">23.9%</abbr> of its health!)</small><br></div><div class="spacer battle-history"><br></div><div class="battle-history">The opposing Exeggutor used <strong>Explosion</strong>!<br></div><div class="battle-history"><small>(Umbreon lost <abbr title="−366/393">93.1%</abbr> of its health!)</small><br></div><div class="spacer battle-history"><br></div><div class="battle-history">Umbreon fainted!<br></div><div class="battle-history">The opposing Exeggutor fainted!<br></div><div class="spacer battle-history"><br></div><div class="battle-history">Mr.378 sent out <strong>Zapdos</strong>!<br></div><div class="spacer battle-history"><br></div><div class="battle-history">Go! <strong>Nidoking</strong>!<br></div><div class="battle-history"><small>Nidoking was hurt by the spikes!</small><br></div><div class="spacer battle-history"><br></div><div class="battle-history"><small>The opposing Zapdos restored a little HP using its Leftovers!</small><br></div><div class="battle-history"><small>Nidoking restored a little HP using its Leftovers!</small><br></div><div class="spacer battle-history"><br></div><h2 class="battle-history">Turn 66</h2><div class="spacer battle-history"><br></div><div class="battle-history">The opposing Zapdos used <strong>Hidden Power</strong>!<br></div><div class="battle-history"><small>It's super effective!</small><br></div><div class="battle-history"><small>(Nidoking lost <abbr title="−152/365">41.6%</abbr> of its health!)</small><br></div><div class="spacer battle-history"><br></div><div class="battle-history">Nidoking used <strong>Ice Beam</strong>!<br></div><div class="battle-history"><small>It's super effective!</small><br></div><div class="battle-history"><small>(The opposing Zapdos lost <abbr title="−142/383">37.1%</abbr> of its health!)</small><br></div><div class="spacer battle-history"><br></div><div class="battle-history"><small>The opposing Zapdos restored a little HP using its Leftovers!</small><br></div><div class="battle-history"><small>Nidoking restored a little HP using its Leftovers!</small><br></div><div class="spacer battle-history"><br></div><h2 class="battle-history">Turn 67</h2><div class="spacer battle-history"><br></div><div class="battle-history">The opposing Zapdos used <strong>Hidden Power</strong>!<br></div><div class="battle-history"><small>It's super effective!</small><br></div><div class="battle-history"><small>(Nidoking lost <abbr title="−166/365">45.5%</abbr> of its health!)</small><br></div><div class="spacer battle-history"><br></div><div class="battle-history">Nidoking used <strong>Morning Sun</strong>!<br></div><div class="battle-history"><small>Nidoking had its HP restored.</small><br></div><div class="spacer battle-history"><br></div><div class="battle-history"><small>The opposing Zapdos restored a little HP using its Leftovers!</small><br></div><div class="battle-history"><small>Nidoking restored a little HP using its Leftovers!</small><br></div><div class="spacer battle-history"><br></div><h2 class="battle-history">Turn 68</h2><div class="spacer battle-history"><br></div><div class="battle-history">The opposing Zapdos used <strong>Hidden Power</strong>!<br></div><div class="battle-history"><small>It's super effective!</small><br></div><div class="battle-history"><small>(Nidoking lost <abbr title="−159/365">43.6%</abbr> of its health!)</small><br></div><div class="spacer battle-history"><br></div><div class="battle-history">Nidoking used <strong>Morning Sun</strong>!<br></div><div class="battle-history"><small>Nidoking had its HP restored.</small><br></div><div class="spacer battle-history"><br></div><div class="battle-history"><small>The opposing Zapdos restored a little HP using its Leftovers!</small><br></div><div class="battle-history"><small>Nidoking restored a little HP using its Leftovers!</small><br></div><div class="spacer battle-history"><br></div><h2 class="battle-history">Turn 69</h2><div class="spacer battle-history"><br></div><div class="battle-history">The opposing Zapdos used <strong>Hidden Power</strong>!<br></div><div class="battle-history"><small>It's super effective!</small><br></div><div class="battle-history"><small>(Nidoking lost <abbr title="−165/365">45.2%</abbr> of its health!)</small><br></div><div class="spacer battle-history"><br></div><div class="battle-history">Nidoking used <strong>Morning Sun</strong>!<br></div><div class="battle-history"><small>Nidoking had its HP restored.</small><br></div><div class="spacer battle-history"><br></div><div class="battle-history"><small>The opposing Zapdos restored a little HP using its Leftovers!</small><br></div><div class="battle-history"><small>Nidoking restored a little HP using its Leftovers!</small><br></div><div class="spacer battle-history"><br></div><h2 class="battle-history">Turn 70</h2><div class="spacer battle-history"><br></div><div class="battle-history">The opposing Zapdos used <strong>Hidden Power</strong>!<br></div><div class="battle-history"><small>It's super effective!</small><br></div><div class="battle-history"><small>(Nidoking lost <abbr title="−142/365">38.9%</abbr> of its health!)</small><br></div><div class="spacer battle-history"><br></div><div class="battle-history">Nidoking used <strong>Ice Beam</strong>!<br></div><div class="battle-history"><small>It's super effective!</small><br></div><div class="battle-history"><small>(The opposing Zapdos lost <abbr title="−140/383">36.6%</abbr> of its health!)</small><br></div><div class="spacer battle-history"><br></div><div class="battle-history"><small>The opposing Zapdos restored a little HP using its Leftovers!</small><br></div><div class="battle-history"><small>Nidoking restored a little HP using its Leftovers!</small><br></div><div class="spacer battle-history"><br></div><h2 class="battle-history">Turn 71</h2><div class="spacer battle-history"><br></div><div class="battle-history">The opposing Zapdos used <strong>Hidden Power</strong>!<br></div><div class="battle-history"><small>It's super effective!</small><br></div><div class="battle-history"><small>(Nidoking lost <abbr title="−160/365">43.8%</abbr> of its health!)</small><br></div><div class="spacer battle-history"><br></div><div class="battle-history">Nidoking used <strong>Morning Sun</strong>!<br></div><div class="battle-history"><small>Nidoking had its HP restored.</small><br></div><div class="spacer battle-history"><br></div><div class="battle-history"><small>The opposing Zapdos restored a little HP using its Leftovers!</small><br></div><div class="battle-history"><small>Nidoking restored a little HP using its Leftovers!</small><br></div><div class="spacer battle-history"><br></div><h2 class="battle-history">Turn 72</h2><div class="spacer battle-history"><br></div><div class="battle-history">The opposing Zapdos used <strong>Hidden Power</strong>!<br></div><div class="battle-history"><small>A critical hit!</small><br></div><div class="battle-history"><small>It's super effective!</small><br></div><div class="battle-history"><small>(Nidoking lost <abbr title="−232/365">63.6%</abbr> of its health!)</small><br></div><div class="spacer battle-history"><br></div><div class="battle-history">Nidoking fainted!<br></div><div class="spacer battle-history"><br></div><div class="battle-history"><strong>Mr.378</strong> won the battle!<br></div></div><div class="inner-preempt"></div></div></div>
</div>
<script>
let daily = Math.floor(Date.now()/1000/60/60/24);document.write('<script src="https://play.pokemonshowdown.com/js/replay-embed.js?version'+daily+'"></'+'script>');
</script>
