<!DOCTYPE html>
<meta charset="utf-8" />
<!-- version 1 -->
<title>[Gen 2] OU replay: Pleasure vs. Fear</title>
<style>
html,body {font-family:Verdana, sans-serif;font-size:10pt;margin:0;padding:0;}body{padding:12px 0;} .battle-log {font-family:Verdana, sans-serif;font-size:10pt;} .battle-log-inline {border:1px solid #AAAAAA;background:#EEF2F5;color:black;max-width:640px;margin:0 auto 80px;padding-bottom:5px;} .battle-log .inner {padding:4px 8px 0px 8px;} .battle-log .inner-preempt {padding:0 8px 4px 8px;} .battle-log .inner-after {margin-top:0.5em;} .battle-log h2 {margin:0.5em -8px;padding:4px 8px;border:1px solid #AAAAAA;background:#E0E7EA;border-left:0;border-right:0;font-family:Verdana, sans-serif;font-size:13pt;} .battle-log .chat {vertical-align:middle;padding:3px 0 3px 0;font-size:8pt;} .battle-log .chat strong {color:#40576A;} .battle-log .chat em {padding:1px 4px 1px 3px;color:#000000;font-style:normal;} .chat.mine {background:rgba(0,0,0,0.05);margin-left:-8px;margin-right:-8px;padding-left:8px;padding-right:8px;} .spoiler {color:#BBBBBB;background:#BBBBBB;padding:0px 3px;} .spoiler:hover, .spoiler:active, .spoiler-shown {color:#000000;background:#E2E2E2;padding:0px 3px;} .spoiler a {color:#BBBBBB;} .spoiler:hover a, .spoiler:active a, .spoiler-shown a {color:#2288CC;} .chat code, .chat .spoiler:hover code, .chat .spoiler:active code, .chat .spoiler-shown code {border:1px solid #C0C0C0;background:#EEEEEE;color:black;padding:0 2px;} .chat .spoiler code {border:1px solid #CCCCCC;background:#CCCCCC;color:#CCCCCC;} .battle-log .rated {padding:3px 4px;} .battle-log .rated strong {color:white;background:#89A;padding:1px 4px;border-radius:4px;} .spacer {margin-top:0.5em;} .message-announce {background:#6688AA;color:white;padding:1px 4px 2px;} .message-announce a, .broadcast-green a, .broadcast-blue a, .broadcast-red a {color:#DDEEFF;} .broadcast-green {background-color:#559955;color:white;padding:2px 4px;} .broadcast-blue {background-color:#6688AA;color:white;padding:2px 4px;} .infobox {border:1px solid #6688AA;padding:2px 4px;} .infobox-limited {max-height:200px;overflow:auto;overflow-x:hidden;} .broadcast-red {background-color:#AA5544;color:white;padding:2px 4px;} .message-learn-canlearn {font-weight:bold;color:#228822;text-decoration:underline;} .message-learn-cannotlearn {font-weight:bold;color:#CC2222;text-decoration:underline;} .message-effect-weak {font-weight:bold;color:#CC2222;} .message-effect-resist {font-weight:bold;color:#6688AA;} .message-effect-immune {font-weight:bold;color:#666666;} .message-learn-list {margin-top:0;margin-bottom:0;} .message-throttle-notice, .message-error {color:#992222;} .message-overflow, .chat small.message-overflow {font-size:0pt;} .message-overflow::before {font-size:9pt;content:'...';} .subtle {color:#3A4A66;}
</style>
<div class="wrapper replay-wrapper" style="max-width:1180px;margin:0 auto">
<input type="hidden" name="replayid" value="smogtours-gen2ou-352185" />
<div class="battle"></div><div class="battle-log"></div><div class="replay-controls"></div><div class="replay-controls-2"></div>
<h1 style="font-weight:normal;text-align:center"><strong>[Gen 2] OU</strong><br /><a href="http://pokemonshowdown.com/users/pleasure" class="subtle" target="_blank">Pleasure</a> vs. <a href="http://pokemonshowdown.com/users/fear" class="subtle" target="_blank">Fear</a></h1>
<script type="text/plain" class="battle-log-data">|inactive|Battle timer is ON: inactive players will automatically lose when time's up.
|player|p1|Pleasure|170
|player|p2|Fear|265
|teamsize|p1|6
|teamsize|p2|6
|gametype|singles
|gen|2
|tier|[Gen 2] OU
|rule|Sleep Clause Mod: Limit one foe put to sleep
|rule|Freeze Clause Mod: Limit one foe frozen
|rule|Species Clause: Limit one of each Pokémon
|rule|OHKO Clause: OHKO moves are banned
|rule|Evasion Moves Clause: Evasion moves are banned
|rule|HP Percentage Mod: HP is shown in percentages
|
|start
|switch|p1a: Raikou|Raikou|100\/100
|switch|p2a: Raikou|Raikou|100\/100
|turn|1
|
|move|p1a: Raikou|Reflect|p1a: Raikou
|-sidestart|p1: Pleasure|Reflect
|move|p2a: Raikou|Roar|p1a: Raikou
|drag|p1a: Machamp|Machamp, M|100\/100
|
|upkeep
|turn|2
|c|+p2▒▓▓☆|cool
|c|+SweetPosho|what a pleasure to watch this game
|c|+Alfredo_Rivero✘|aa
|c|+SweetPosho|guess im FEARless to watch high level players
|c|+SweetPosho|XD
|inactive|Pleasure has 285 seconds left.
|inactive|Fear has 285 seconds left.
|c|+SweetPosho|kill me
|raw|<div class="broadcast-red"><strong>Moderated chat was set to ☆!<\/strong><br \/>Only users of rank ☆ and higher can talk.<\/div>
|
|switch|p2a: Skarmory|Skarmory, M|100\/100
|switch|p1a: Raikou|Raikou|100\/100
|
|upkeep
|turn|3
|inactive|Pleasure has 285 seconds left.
|
|switch|p1a: Gligar|Gligar, M|100\/100
|switch|p2a: Raikou|Raikou|100\/100
|
|upkeep
|turn|4
|inactive|Pleasure has 285 seconds left.
|inactive|Fear has 285 seconds left.
|inactive|Fear has 270 seconds left.
|
|switch|p2a: Skarmory|Skarmory, M|100\/100
|switch|p1a: Raikou|Raikou|100\/100
|
|upkeep
|turn|5
|inactive|Pleasure has 285 seconds left.
|
|switch|p1a: Gligar|Gligar, M|100\/100
|switch|p2a: Raikou|Raikou|100\/100
|
|-sideend|p1: Pleasure|Reflect
|upkeep
|turn|6
|
|switch|p2a: Skarmory|Skarmory, M|100\/100
|move|p1a: Gligar|Thief|p2a: Skarmory
|-resisted|p2a: Skarmory
|-damage|p2a: Skarmory|97\/100
|-item|p1a: Gligar|Leftovers|[from] move: Thief|[of] p2a: Skarmory
|
|upkeep
|turn|7
|inactive|Pleasure has 285 seconds left.
|inactive|Fear has 285 seconds left.
|
|switch|p1a: Raikou|Raikou|100\/100
|switch|p2a: Raikou|Raikou|100\/100
|
|upkeep
|turn|8
|
|move|p1a: Raikou|Reflect|p1a: Raikou
|-sidestart|p1: Pleasure|Reflect
|move|p2a: Raikou|Roar|p1a: Raikou
|drag|p1a: Gligar|Gligar, M|100\/100
|
|upkeep
|turn|9
|inactive|Fear has 285 seconds left.
|inactive|Pleasure has 285 seconds left.
|
|switch|p2a: Skarmory|Skarmory, M|97\/100
|switch|p1a: Raikou|Raikou|100\/100
|
|upkeep
|turn|10
|inactive|Pleasure has 285 seconds left.
|
|switch|p1a: Snorlax|Snorlax, M|100\/100
|switch|p2a: Raikou|Raikou|100\/100
|
|upkeep
|turn|11
|inactive|Pleasure has 285 seconds left.
|
|move|p1a: Snorlax|Return|p2a: Raikou
|-damage|p2a: Raikou|62\/100
|move|p2a: Raikou|Roar|p1a: Snorlax
|drag|p1a: Gligar|Gligar, M|100\/100
|
|-heal|p2a: Raikou|68\/100|[from] item: Leftovers
|upkeep
|turn|12
|inactive|Fear has 285 seconds left.
|inactive|Pleasure has 285 seconds left.
|
|switch|p2a: Forretress|Forretress, M|100\/100
|switch|p1a: Raikou|Raikou|100\/100
|
|-sideend|p1: Pleasure|Reflect
|upkeep
|turn|13
|inactive|Fear has 285 seconds left.
|
|switch|p1a: Tentacruel|Tentacruel, M|100\/100
|move|p2a: Forretress|Spikes|p1a: Tentacruel
|-sidestart|p1: Pleasure|Spikes
|
|upkeep
|turn|14
|inactive|Pleasure has 285 seconds left.
|inactive|Fear has 285 seconds left.
|
|switch|p2a: Misdreavus|Misdreavus, M|100\/100
|move|p1a: Tentacruel|Rapid Spin|p2a: Misdreavus
|-immune|p2a: Misdreavus|[msg]
|
|upkeep
|turn|15
|inactive|Fear has 285 seconds left.
|inactive|Pleasure has 285 seconds left.
|
|switch|p1a: Tyranitar|Tyranitar, M|100\/100
|-damage|p1a: Tyranitar|88\/100|[from] Spikes
|move|p2a: Misdreavus|Toxic|p1a: Tyranitar
|-status|p1a: Tyranitar|tox
|
|-heal|p1a: Tyranitar|94\/100 tox|[from] item: Leftovers
|upkeep
|turn|16
|inactive|Pleasure has 285 seconds left.
|inactive|Fear has 285 seconds left.
|inactive|Fear has 270 seconds left.
|
|switch|p2a: Vaporeon|Vaporeon, M|100\/100
|move|p1a: Tyranitar|Crunch|p2a: Vaporeon
|-damage|p2a: Vaporeon|81\/100
|-damage|p1a: Tyranitar|88\/100 tox|[from] tox|[of] p2a: Vaporeon
|
|-heal|p2a: Vaporeon|87\/100|[from] item: Leftovers
|-heal|p1a: Tyranitar|94\/100 tox|[from] item: Leftovers
|upkeep
|turn|17
|
|switch|p1a: Tentacruel|Tentacruel, M|100\/100
|-damage|p1a: Tentacruel|88\/100|[from] Spikes
|move|p2a: Vaporeon|Surf|p1a: Tentacruel
|-crit|p1a: Tentacruel
|-resisted|p1a: Tentacruel
|-damage|p1a: Tentacruel|58\/100
|
|-heal|p1a: Tentacruel|64\/100|[from] item: Leftovers
|-heal|p2a: Vaporeon|93\/100|[from] item: Leftovers
|upkeep
|turn|18
|inactive|Fear has 270 seconds left.
|inactive|Pleasure has 285 seconds left.
|
|switch|p2a: Misdreavus|Misdreavus, M|100\/100
|move|p1a: Tentacruel|Surf|p2a: Misdreavus
|-crit|p2a: Misdreavus
|-damage|p2a: Misdreavus|33\/100
|
|-heal|p1a: Tentacruel|70\/100|[from] item: Leftovers
|-heal|p2a: Misdreavus|40\/100|[from] item: Leftovers
|upkeep
|turn|19
|inactive|Pleasure has 285 seconds left.
|inactive|Fear has 270 seconds left.
|
|switch|p1a: Tyranitar|Tyranitar, M|94\/100 tox
|-status|p1a: Tyranitar|psn
|-damage|p1a: Tyranitar|82\/100 psn|[from] Spikes
|-damage|p1a: Tyranitar|69\/100 psn|[from] psn
|move|p2a: Misdreavus|Pain Split|p1a: Tyranitar
|-sethp|p1a: Tyranitar|51\/100 psn|p2a: Misdreavus|63\/100|[from] move: Pain Split
|
|-heal|p2a: Misdreavus|69\/100|[from] item: Leftovers
|-heal|p1a: Tyranitar|57\/100 psn|[from] item: Leftovers
|upkeep
|turn|20
|inactive|Fear has 270 seconds left.
|inactive|Fear has 255 seconds left.
|inactive|Fear has 240 seconds left.
|inactive|Fear has 225 seconds left.
|inactive|Fear has 210 seconds left.
|
|-activate|p2a: Misdreavus|move: Pursuit
|move|p1a: Tyranitar|Pursuit|p2a: Misdreavus|[from]Pursuit
|-supereffective|p2a: Misdreavus
|-damage|p2a: Misdreavus|4\/100
|-damage|p1a: Tyranitar|44\/100 psn|[from] psn|[of] p2a: Misdreavus
|switch|p2a: Vaporeon|Vaporeon, M|93\/100
|
|-heal|p2a: Vaporeon|99\/100|[from] item: Leftovers
|-heal|p1a: Tyranitar|51\/100 psn|[from] item: Leftovers
|upkeep
|turn|21
|inactive|Fear has 210 seconds left.
|
|switch|p2a: Raikou|Raikou|68\/100
|switch|p1a: Tentacruel|Tentacruel, M|70\/100
|-damage|p1a: Tentacruel|58\/100|[from] Spikes
|
|-heal|p2a: Raikou|74\/100|[from] item: Leftovers
|-heal|p1a: Tentacruel|64\/100|[from] item: Leftovers
|upkeep
|turn|22
|inactive|Fear has 210 seconds left.
|
|switch|p1a: Gligar|Gligar, M|100\/100
|move|p2a: Raikou|Thunderbolt|p1a: Gligar
|-immune|p1a: Gligar|[msg]
|
|-heal|p2a: Raikou|80\/100|[from] item: Leftovers
|upkeep
|turn|23
|inactive|Fear has 210 seconds left.
|
|move|p2a: Raikou|Hidden Power|p1a: Gligar
|-supereffective|p1a: Gligar
|-damage|p1a: Gligar|0 fnt
|faint|p1a: Gligar
|inactive|Pleasure has 285 seconds left.
|inactive|Pleasure has 270 seconds left.
|inactive|Pleasure has 255 seconds left.
|
|switch|p1a: Snorlax|Snorlax, M|100\/100
|-damage|p1a: Snorlax|88\/100|[from] Spikes
|
|-heal|p2a: Raikou|86\/100|[from] item: Leftovers
|-heal|p1a: Snorlax|94\/100|[from] item: Leftovers
|upkeep
|turn|24
|c|☆Pleasure|hmmm
|inactive|Fear has 225 seconds left.
|inactive|Pleasure has 255 seconds left.
|inactive|Fear has 210 seconds left.
|inactive|Fear has 195 seconds left.
|
|move|p1a: Snorlax|Lovely Kiss|p2a: Raikou
|-status|p2a: Raikou|slp
|cant|p2a: Raikou|slp
|
|-heal|p2a: Raikou|92\/100 slp|[from] item: Leftovers
|-heal|p1a: Snorlax|99\/100|[from] item: Leftovers
|upkeep
|turn|25
|inactive|Fear has 195 seconds left.
|
|switch|p2a: Snorlax|Snorlax, M|100\/100
|switch|p1a: Tentacruel|Tentacruel, M|64\/100
|-damage|p1a: Tentacruel|51\/100|[from] Spikes
|
|-heal|p1a: Tentacruel|57\/100|[from] item: Leftovers
|upkeep
|turn|26
|inactive|Pleasure has 255 seconds left.
|
|move|p1a: Tentacruel|Rapid Spin|p2a: Snorlax
|-damage|p2a: Snorlax|97\/100
|-sideend|p1: Pleasure|Spikes|[from] move: Rapid Spin|[of] p1a: Tentacruel
|move|p2a: Snorlax|Double-Edge|p1a: Tentacruel
|-damage|p1a: Tentacruel|7\/100
|-damage|p2a: Snorlax|89\/100|[from] Recoil|[of] p1a: Tentacruel
|
|-heal|p1a: Tentacruel|13\/100|[from] item: Leftovers
|-heal|p2a: Snorlax|95\/100|[from] item: Leftovers
|upkeep
|turn|27
|
|switch|p1a: Machamp|Machamp, M|100\/100
|switch|p2a: Misdreavus|Misdreavus, M|4\/100
|
|-heal|p2a: Misdreavus|10\/100|[from] item: Leftovers
|upkeep
|turn|28
|inactive|Pleasure has 255 seconds left.
|inactive|Pleasure has 240 seconds left.
|inactive|Fear has 195 seconds left.
|
|switch|p2a: Vaporeon|Vaporeon, M|99\/100
|switch|p1a: Tyranitar|Tyranitar, M|51\/100 psn
|-damage|p1a: Tyranitar|38\/100 psn|[from] psn
|
|-heal|p2a: Vaporeon|100\/100|[from] item: Leftovers
|-heal|p1a: Tyranitar|44\/100 psn|[from] item: Leftovers
|upkeep
|turn|29
|inactive|Pleasure has 240 seconds left.
|inactive|Fear has 195 seconds left.
|
|switch|p2a: Forretress|Forretress, M|100\/100
|switch|p1a: Raikou|Raikou|100\/100
|
|upkeep
|turn|30
|
|switch|p1a: Tentacruel|Tentacruel, M|13\/100
|move|p2a: Forretress|Spikes|p1a: Tentacruel
|-sidestart|p1: Pleasure|Spikes
|
|-heal|p1a: Tentacruel|20\/100|[from] item: Leftovers
|upkeep
|turn|31
|inactive|Fear has 210 seconds left.
|
|switch|p2a: Snorlax|Snorlax, M|95\/100
|move|p1a: Tentacruel|Rapid Spin|p2a: Snorlax
|-damage|p2a: Snorlax|92\/100
|-sideend|p1: Pleasure|Spikes|[from] move: Rapid Spin|[of] p1a: Tentacruel
|
|-heal|p1a: Tentacruel|26\/100|[from] item: Leftovers
|-heal|p2a: Snorlax|98\/100|[from] item: Leftovers
|upkeep
|turn|32
|inactive|Pleasure has 255 seconds left.
|inactive|Fear has 195 seconds left.
|
|switch|p1a: Machamp|Machamp, M|100\/100
|move|p2a: Snorlax|Double-Edge|p1a: Machamp
|-damage|p1a: Machamp|54\/100
|-damage|p2a: Snorlax|90\/100|[from] Recoil|[of] p1a: Machamp
|
|-heal|p1a: Machamp|60\/100|[from] item: Leftovers
|-heal|p2a: Snorlax|96\/100|[from] item: Leftovers
|upkeep
|turn|33
|inactive|Pleasure has 255 seconds left.
|inactive|Fear has 180 seconds left.
|inactive|Fear has 165 seconds left.
|
|switch|p2a: Skarmory|Skarmory, M|97\/100
|move|p1a: Machamp|Curse|p1a: Machamp
|-unboost|p1a: Machamp|spe|1
|-boost|p1a: Machamp|atk|1
|-boost|p1a: Machamp|def|1
|
|-heal|p1a: Machamp|66\/100|[from] item: Leftovers
|upkeep
|turn|34
|inactive|Pleasure has 255 seconds left.
|inactive|Fear has 165 seconds left.
|inactive|Pleasure has 240 seconds left.
|inactive|Pleasure has 225 seconds left.
|inactive|Pleasure has 210 seconds left.
|
|move|p2a: Skarmory|Drill Peck|p1a: Machamp
|-supereffective|p1a: Machamp
|-damage|p1a: Machamp|32\/100
|move|p1a: Machamp|Cross Chop|p2a: Skarmory|[miss]
|-miss|p1a: Machamp
|
|-heal|p1a: Machamp|38\/100|[from] item: Leftovers
|upkeep
|turn|35
|inactive|Fear has 165 seconds left.
|
|move|p2a: Skarmory|Drill Peck|p1a: Machamp
|-supereffective|p1a: Machamp
|-damage|p1a: Machamp|2\/100
|move|p1a: Machamp|Rest|p1a: Machamp
|-status|p1a: Machamp|slp
|-heal|p1a: Machamp|100\/100 slp|[silent]
|-status|p1a: Machamp|slp|[from] move: Rest
|
|upkeep
|turn|36
|inactive|Fear has 150 seconds left.
|
|switch|p1a: Tyranitar|Tyranitar, M|44\/100 psn
|-damage|p1a: Tyranitar|32\/100 psn|[from] psn
|move|p2a: Skarmory|Drill Peck|p1a: Tyranitar
|-resisted|p1a: Tyranitar
|-damage|p1a: Tyranitar|22\/100 psn
|
|-heal|p1a: Tyranitar|28\/100 psn|[from] item: Leftovers
|upkeep
|turn|37
|inactive|Pleasure has 210 seconds left.
|inactive|Fear has 150 seconds left.
|
|switch|p2a: Vaporeon|Vaporeon, M|100\/100
|switch|p1a: Raikou|Raikou|100\/100
|
|upkeep
|turn|38
|inactive|Pleasure has 210 seconds left.
|
|switch|p1a: Snorlax|Snorlax, M|99\/100
|switch|p2a: Raikou|Raikou|92\/100 slp
|
|-heal|p2a: Raikou|98\/100 slp|[from] item: Leftovers
|-heal|p1a: Snorlax|100\/100|[from] item: Leftovers
|upkeep
|turn|39
|
|switch|p2a: Forretress|Forretress, M|100\/100
|move|p1a: Snorlax|Belly Drum|p1a: Snorlax
|-damage|p1a: Snorlax|51\/100
|-setboost|p1a: Snorlax|atk|6|[from] move: Belly Drum
|
|-heal|p1a: Snorlax|57\/100|[from] item: Leftovers
|upkeep
|turn|40
|inactive|Fear has 150 seconds left.
|inactive|Fear has 135 seconds left.
|
|move|p2a: Forretress|Spikes|p1a: Snorlax
|-sidestart|p1: Pleasure|Spikes
|move|p1a: Snorlax|Return|p2a: Forretress
|-resisted|p2a: Forretress
|-damage|p2a: Forretress|49\/100
|
|-heal|p2a: Forretress|55\/100|[from] item: Leftovers
|-heal|p1a: Snorlax|63\/100|[from] item: Leftovers
|upkeep
|turn|41
|inactive|Pleasure has 225 seconds left.
|inactive|Fear has 135 seconds left.
|inactive|Pleasure has 210 seconds left.
|inactive|Fear has 120 seconds left.
|
|switch|p1a: Tyranitar|Tyranitar, M|28\/100 psn
|-damage|p1a: Tyranitar|16\/100 psn|[from] Spikes
|-damage|p1a: Tyranitar|3\/100 psn|[from] psn
|move|p2a: Forretress|Toxic|p1a: Tyranitar
|-fail|p1a: Tyranitar
|
|-heal|p1a: Tyranitar|10\/100 psn|[from] item: Leftovers
|-heal|p2a: Forretress|61\/100|[from] item: Leftovers
|upkeep
|turn|42
|inactive|Fear has 120 seconds left.
|
|switch|p2a: Vaporeon|Vaporeon, M|100\/100
|move|p1a: Tyranitar|Roar|p2a: Vaporeon
|drag|p2a: Misdreavus|Misdreavus, M|10\/100
|-damage|p1a: Tyranitar|0 fnt|[from] psn|[of] p2: Vaporeon
|faint|p1a: Tyranitar
|inactive|Pleasure has 210 seconds left.
|
|switch|p1a: Tentacruel|Tentacruel, M|26\/100
|-damage|p1a: Tentacruel|13\/100|[from] Spikes
|
|-heal|p1a: Tentacruel|19\/100|[from] item: Leftovers
|-heal|p2a: Misdreavus|16\/100|[from] item: Leftovers
|upkeep
|turn|43
|c|☆Pleasure|rly well played dude
|inactive|Pleasure has 195 seconds left.
|c|☆Fear|thanks
|c|☆Pleasure|think the hpice roll on gligar
|c|☆Pleasure|determined game tho
|inactive|Pleasure has 180 seconds left.
|inactive|Pleasure has 165 seconds left.
|
|switch|p2a: Snorlax|Snorlax, M|96\/100
|move|p1a: Tentacruel|Screech|p2a: Snorlax
|-unboost|p2a: Snorlax|def|2
|
|-heal|p1a: Tentacruel|25\/100|[from] item: Leftovers
|-heal|p2a: Snorlax|100\/100|[from] item: Leftovers
|upkeep
|turn|44
|inactive|Pleasure has 165 seconds left.
|
|move|p1a: Tentacruel|Sludge Bomb|p2a: Snorlax
|-damage|p2a: Snorlax|55\/100
|-status|p2a: Snorlax|psn
|move|p2a: Snorlax|Double-Edge|p1a: Tentacruel
|-damage|p1a: Tentacruel|0 fnt
|faint|p1a: Tentacruel
|-damage|p2a: Snorlax|51\/100 psn|[from] Recoil|[of] p1: Tentacruel
|inactive|Pleasure has 165 seconds left.
|inactive|Pleasure has 150 seconds left.
|c|☆Fear|i had to sacrifice a lot of turns and skarms lefties
|c|☆Fear|to have a shot on that roll
|inactive|Pleasure has 135 seconds left.
|c|☆Fear|fair comment tho
|c|☆Pleasure|i mean i predicted u goin for it
|c|☆Pleasure|went for counter
|c|☆Pleasure|not eq
|inactive|Pleasure has 120 seconds left.
|
|switch|p1a: Snorlax|Snorlax, M|63\/100
|-damage|p1a: Snorlax|50\/100|[from] Spikes
|
|-heal|p1a: Snorlax|57\/100|[from] item: Leftovers
|-heal|p2a: Snorlax|57\/100 psn|[from] item: Leftovers
|upkeep
|turn|45
|inactive|Pleasure has 120 seconds left.
|
|switch|p1a: Raikou|Raikou|100\/100
|-damage|p1a: Raikou|88\/100|[from] Spikes
|move|p2a: Snorlax|Rest|p2a: Snorlax
|-status|p2a: Snorlax|slp
|-heal|p2a: Snorlax|100\/100 slp|[silent]
|-status|p2a: Snorlax|slp|[from] move: Rest
|
|-heal|p1a: Raikou|94\/100|[from] item: Leftovers
|upkeep
|turn|46
|c|☆Pleasure|gg
|inactive|Pleasure has 120 seconds left.
|c|☆Fear|gg
|-message|Pleasure forfeited.
|
|win|Fear
</script>
</div>
<div class="battle-log battle-log-inline"><div class="inner"><div class="battle-options"></div><div class="inner"><div class="chat message-error">Battle timer is ON: inactive players will automatically lose when time's up.</div><div class=""><small>Format:</small> <br><strong>[Gen 2] OU</strong></div><div class=""><small><em>Sleep Clause Mod:</em> Limit one foe put to sleep</small></div><div class=""><small><em>Freeze Clause Mod:</em> Limit one foe frozen</small></div><div class=""><small><em>Species Clause:</em> Limit one of each Pokémon</small></div><div class=""><small><em>OHKO Clause:</em> OHKO moves are banned</small></div><div class=""><small><em>Evasion Moves Clause:</em> Evasion moves are banned</small></div><div class=""><small><em>HP Percentage Mod:</em> HP is shown in percentages</small></div><div class="spacer battle-history"><br></div><div class="battle-history">Battle started between Pleasure and Fear!<br></div><div class="spacer battle-history"><br></div><div class="battle-history">Go! <strong>Raikou</strong>!<br></div><div class="spacer battle-history"><br></div><div class="battle-history">Fear sent out <strong>Raikou</strong>!<br></div><div class="spacer battle-history"><br></div><h2 class="battle-history">Turn 1</h2><div class="spacer battle-history"><br></div><div class="battle-history">Raikou used <strong>Reflect</strong>!<br></div><div class="battle-history"><small>Reflect made your team stronger against physical moves!</small><br></div><div class="spacer battle-history"><br></div><div class="battle-history">The opposing Raikou used <strong>Roar</strong>!<br></div><div class="spacer battle-history"><br></div><div class="battle-history"><strong>Machamp</strong> was dragged out!<br></div><div class="spacer battle-history"><br></div><h2 class="battle-history">Turn 2</h2><div class="chat chatmessage-p2"><strong style="color:#8c7b1d"><small>+</small><span class="username" data-name="p2▒▓▓☆">p2▒▓▓☆</span>:</strong> <em>cool</em></div><div class="chat chatmessage-sweetposho"><strong style="color:#c14655"><small>+</small><span class="username" data-name="SweetPosho">SweetPosho</span>:</strong> <em>what a pleasure to watch this game</em></div><div class="chat chatmessage-alfredorivero"><strong style="color:#8c670f"><small>+</small><span class="username" data-name="Alfredo_Rivero✘">Alfredo_Rivero✘</span>:</strong> <em>aa</em></div><div class="chat chatmessage-sweetposho"><strong style="color:#c14655"><small>+</small><span class="username" data-name="SweetPosho">SweetPosho</span>:</strong> <em>guess im FEARless to watch high level players</em></div><div class="chat chatmessage-sweetposho"><strong style="color:#c14655"><small>+</small><span class="username" data-name="SweetPosho">SweetPosho</span>:</strong> <em>XD</em></div><div class="chat message-error">Pleasure has 285 seconds left.</div><div class="chat message-error">Fear has 285 seconds left.</div><div class="chat chatmessage-sweetposho"><strong style="color:#c14655"><small>+</small><span class="username" data-name="SweetPosho">SweetPosho</span>:</strong> <em>kill me</em></div><div class="chat"><div class="broadcast-red"><strong>Moderated chat was set to ☆!</strong><br>Only users of rank ☆ and higher can talk.</div></div><div class="spacer battle-history"><br></div><div class="battle-history">Fear withdrew Raikou!<br></div><div class="battle-history">Fear sent out <strong>Skarmory</strong>!<br></div><div class="spacer battle-history"><br></div><div class="battle-history">Machamp, come back!<br></div><div class="battle-history">Go! <strong>Raikou</strong>!<br></div><div class="spacer battle-history"><br></div><h2 class="battle-history">Turn 3</h2><div class="chat message-error">Pleasure has 285 seconds left.</div><div class="spacer battle-history"><br></div><div class="battle-history">Raikou, come back!<br></div><div class="battle-history">Go! <strong>Gligar</strong>!<br></div><div class="spacer battle-history"><br></div><div class="battle-history">Fear withdrew Skarmory!<br></div><div class="battle-history">Fear sent out <strong>Raikou</strong>!<br></div><div class="spacer battle-history"><br></div><h2 class="battle-history">Turn 4</h2><div class="chat message-error">Pleasure has 285 seconds left.</div><div class="chat message-error">Fear has 285 seconds left.</div><div class="chat message-error">Fear has 270 seconds left.</div><div class="spacer battle-history"><br></div><div class="battle-history">Fear withdrew Raikou!<br></div><div class="battle-history">Fear sent out <strong>Skarmory</strong>!<br></div><div class="spacer battle-history"><br></div><div class="battle-history">Gligar, come back!<br></div><div class="battle-history">Go! <strong>Raikou</strong>!<br></div><div class="spacer battle-history"><br></div><h2 class="battle-history">Turn 5</h2><div class="chat message-error">Pleasure has 285 seconds left.</div><div class="spacer battle-history"><br></div><div class="battle-history">Raikou, come back!<br></div><div class="battle-history">Go! <strong>Gligar</strong>!<br></div><div class="spacer battle-history"><br></div><div class="battle-history">Fear withdrew Skarmory!<br></div><div class="battle-history">Fear sent out <strong>Raikou</strong>!<br></div><div class="spacer battle-history"><br></div><div class="battle-history"><small>Your team's Reflect wore off!</small><br></div><div class="spacer battle-history"><br></div><h2 class="battle-history">Turn 6</h2><div class="spacer battle-history"><br></div><div class="battle-history">Fear withdrew Raikou!<br></div><div class="battle-history">Fear sent out <strong>Skarmory</strong>!<br></div><div class="spacer battle-history"><br></div><div class="battle-history">Gligar used <strong>Thief</strong>!<br></div><div class="battle-history"><small>It's not very effective...</small><br></div><div class="battle-history"><small>(The opposing Skarmory lost 3% of its health!)</small><br></div><div class="battle-history"><small>Gligar stole the opposing Skarmory's Leftovers!</small><br></div><div class="spacer battle-history"><br></div><h2 class="battle-history">Turn 7</h2><div class="chat message-error">Pleasure has 285 seconds left.</div><div class="chat message-error">Fear has 285 seconds left.</div><div class="spacer battle-history"><br></div><div class="battle-history">Gligar, come back!<br></div><div class="battle-history">Go! <strong>Raikou</strong>!<br></div><div class="spacer battle-history"><br></div><div class="battle-history">Fear withdrew Skarmory!<br></div><div class="battle-history">Fear sent out <strong>Raikou</strong>!<br></div><div class="spacer battle-history"><br></div><h2 class="battle-history">Turn 8</h2><div class="spacer battle-history"><br></div><div class="battle-history">Raikou used <strong>Reflect</strong>!<br></div><div class="battle-history"><small>Reflect made your team stronger against physical moves!</small><br></div><div class="spacer battle-history"><br></div><div class="battle-history">The opposing Raikou used <strong>Roar</strong>!<br></div><div class="spacer battle-history"><br></div><div class="battle-history"><strong>Gligar</strong> was dragged out!<br></div><div class="spacer battle-history"><br></div><h2 class="battle-history">Turn 9</h2><div class="chat message-error">Fear has 285 seconds left.</div><div class="chat message-error">Pleasure has 285 seconds left.</div><div class="spacer battle-history"><br></div><div class="battle-history">Fear withdrew Raikou!<br></div><div class="battle-history">Fear sent out <strong>Skarmory</strong>!<br></div><div class="spacer battle-history"><br></div><div class="battle-history">Gligar, come back!<br></div><div class="battle-history">Go! <strong>Raikou</strong>!<br></div><div class="spacer battle-history"><br></div><h2 class="battle-history">Turn 10</h2><div class="chat message-error">Pleasure has 285 seconds left.</div><div class="spacer battle-history"><br></div><div class="battle-history">Raikou, come back!<br></div><div class="battle-history">Go! <strong>Snorlax</strong>!<br></div><div class="spacer battle-history"><br></div><div class="battle-history">Fear withdrew Skarmory!<br></div><div class="battle-history">Fear sent out <strong>Raikou</strong>!<br></div><div class="spacer battle-history"><br></div><h2 class="battle-history">Turn 11</h2><div class="chat message-error">Pleasure has 285 seconds left.</div><div class="spacer battle-history"><br></div><div class="battle-history">Snorlax used <strong>Return</strong>!<br></div><div class="battle-history"><small>(The opposing Raikou lost 38% of its health!)</small><br></div><div class="spacer battle-history"><br></div><div class="battle-history">The opposing Raikou used <strong>Roar</strong>!<br></div><div class="spacer battle-history"><br></div><div class="battle-history"><strong>Gligar</strong> was dragged out!<br></div><div class="spacer battle-history"><br></div><div class="battle-history"><small>The opposing Raikou restored a little HP using its Leftovers!</small><br></div><div class="spacer battle-history"><br></div><h2 class="battle-history">Turn 12</h2><div class="chat message-error">Fear has 285 seconds left.</div><div class="chat message-error">Pleasure has 285 seconds left.</div><div class="spacer battle-history"><br></div><div class="battle-history">Fear withdrew Raikou!<br></div><div class="battle-history">Fear sent out <strong>Forretress</strong>!<br></div><div class="spacer battle-history"><br></div><div class="battle-history">Gligar, come back!<br></div><div class="battle-history">Go! <strong>Raikou</strong>!<br></div><div class="spacer battle-history"><br></div><div class="battle-history"><small>Your team's Reflect wore off!</small><br></div><div class="spacer battle-history"><br></div><h2 class="battle-history">Turn 13</h2><div class="chat message-error">Fear has 285 seconds left.</div><div class="spacer battle-history"><br></div><div class="battle-history">Raikou, come back!<br></div><div class="battle-history">Go! <strong>Tentacruel</strong>!<br></div><div class="spacer battle-history"><br></div><div class="battle-history">The opposing Forretress used <strong>Spikes</strong>!<br></div><div class="battle-history"><small>Spikes were scattered on the ground all around your team!</small><br></div><div class="spacer battle-history"><br></div><h2 class="battle-history">Turn 14</h2><div class="chat message-error">Pleasure has 285 seconds left.</div><div class="chat message-error">Fear has 285 seconds left.</div><div class="spacer battle-history"><br></div><div class="battle-history">Fear withdrew Forretress!<br></div><div class="battle-history">Fear sent out <strong>Misdreavus</strong>!<br></div><div class="spacer battle-history"><br></div><div class="battle-history">Tentacruel used <strong>Rapid Spin</strong>!<br></div><div class="battle-history"><small>It doesn't affect the opposing Misdreavus...</small><br></div><div class="spacer battle-history"><br></div><h2 class="battle-history">Turn 15</h2><div class="chat message-error">Fear has 285 seconds left.</div><div class="chat message-error">Pleasure has 285 seconds left.</div><div class="spacer battle-history"><br></div><div class="battle-history">Tentacruel, come back!<br></div><div class="battle-history">Go! <strong>Tyranitar</strong>!<br></div><div class="battle-history"><small>Tyranitar was hurt by the spikes!</small><br></div><div class="spacer battle-history"><br></div><div class="battle-history">The opposing Misdreavus used <strong>Toxic</strong>!<br></div><div class="battle-history"><small>Tyranitar was badly poisoned!</small><br></div><div class="spacer battle-history"><br></div><div class="battle-history"><small>Tyranitar restored a little HP using its Leftovers!</small><br></div><div class="spacer battle-history"><br></div><h2 class="battle-history">Turn 16</h2><div class="chat message-error">Pleasure has 285 seconds left.</div><div class="chat message-error">Fear has 285 seconds left.</div><div class="chat message-error">Fear has 270 seconds left.</div><div class="spacer battle-history"><br></div><div class="battle-history">Fear withdrew Misdreavus!<br></div><div class="battle-history">Fear sent out <strong>Vaporeon</strong>!<br></div><div class="spacer battle-history"><br></div><div class="battle-history">Tyranitar used <strong>Crunch</strong>!<br></div><div class="battle-history"><small>(The opposing Vaporeon lost 19% of its health!)</small><br></div><div class="battle-history"><small>Tyranitar was hurt by poison!</small><br></div><div class="spacer battle-history"><br></div><div class="battle-history"><small>The opposing Vaporeon restored a little HP using its Leftovers!</small><br></div><div class="battle-history"><small>Tyranitar restored a little HP using its Leftovers!</small><br></div><div class="spacer battle-history"><br></div><h2 class="battle-history">Turn 17</h2><div class="spacer battle-history"><br></div><div class="battle-history">Tyranitar, come back!<br></div><div class="battle-history">Go! <strong>Tentacruel</strong>!<br></div><div class="battle-history"><small>Tentacruel was hurt by the spikes!</small><br></div><div class="spacer battle-history"><br></div><div class="battle-history">The opposing Vaporeon used <strong>Surf</strong>!<br></div><div class="battle-history"><small>A critical hit!</small><br></div><div class="battle-history"><small>It's not very effective...</small><br></div><div class="battle-history"><small>(Tentacruel lost 30% of its health!)</small><br></div><div class="spacer battle-history"><br></div><div class="battle-history"><small>Tentacruel restored a little HP using its Leftovers!</small><br></div><div class="battle-history"><small>The opposing Vaporeon restored a little HP using its Leftovers!</small><br></div><div class="spacer battle-history"><br></div><h2 class="battle-history">Turn 18</h2><div class="chat message-error">Fear has 270 seconds left.</div><div class="chat message-error">Pleasure has 285 seconds left.</div><div class="spacer battle-history"><br></div><div class="battle-history">Fear withdrew Vaporeon!<br></div><div class="battle-history">Fear sent out <strong>Misdreavus</strong>!<br></div><div class="spacer battle-history"><br></div><div class="battle-history">Tentacruel used <strong>Surf</strong>!<br></div><div class="battle-history"><small>A critical hit!</small><br></div><div class="battle-history"><small>(The opposing Misdreavus lost 67% of its health!)</small><br></div><div class="spacer battle-history"><br></div><div class="battle-history"><small>Tentacruel restored a little HP using its Leftovers!</small><br></div><div class="battle-history"><small>The opposing Misdreavus restored a little HP using its Leftovers!</small><br></div><div class="spacer battle-history"><br></div><h2 class="battle-history">Turn 19</h2><div class="chat message-error">Pleasure has 285 seconds left.</div><div class="chat message-error">Fear has 270 seconds left.</div><div class="spacer battle-history"><br></div><div class="battle-history">Tentacruel, come back!<br></div><div class="battle-history">Go! <strong>Tyranitar</strong>!<br></div><div class="battle-history"><small>Tyranitar was poisoned!</small><br></div><div class="battle-history"><small>Tyranitar was hurt by the spikes!</small><br></div><div class="battle-history"><small>Tyranitar was hurt by poison!</small><br></div><div class="spacer battle-history"><br></div><div class="battle-history">The opposing Misdreavus used <strong>Pain Split</strong>!<br></div><div class="battle-history"><small>The battlers shared their pain!</small><br></div><div class="spacer battle-history"><br></div><div class="battle-history"><small>The opposing Misdreavus restored a little HP using its Leftovers!</small><br></div><div class="battle-history"><small>Tyranitar restored a little HP using its Leftovers!</small><br></div><div class="spacer battle-history"><br></div><h2 class="battle-history">Turn 20</h2><div class="chat message-error">Fear has 270 seconds left.</div><div class="chat message-error">Fear has 255 seconds left.</div><div class="chat message-error">Fear has 240 seconds left.</div><div class="chat message-error">Fear has 225 seconds left.</div><div class="chat message-error">Fear has 210 seconds left.</div><div class="spacer battle-history"><br></div><div class="battle-history"><small>(The opposing Misdreavus is being withdrawn...)</small><br></div><div class="spacer battle-history"><br></div><div class="battle-history">Tyranitar used <strong>Pursuit</strong>!<br></div><div class="battle-history"><small>It's super effective!</small><br></div><div class="battle-history"><small>(The opposing Misdreavus lost 65% of its health!)</small><br></div><div class="battle-history"><small>Tyranitar was hurt by poison!</small><br></div><div class="spacer battle-history"><br></div><div class="battle-history">Fear withdrew Misdreavus!<br></div><div class="battle-history">Fear sent out <strong>Vaporeon</strong>!<br></div><div class="spacer battle-history"><br></div><div class="battle-history"><small>The opposing Vaporeon restored a little HP using its Leftovers!</small><br></div><div class="battle-history"><small>Tyranitar restored a little HP using its Leftovers!</small><br></div><div class="spacer battle-history"><br></div><h2 class="battle-history">Turn 21</h2><div class="chat message-error">Fear has 210 seconds left.</div><div class="spacer battle-history"><br></div><div class="battle-history">Fear withdrew Vaporeon!<br></div><div class="battle-history">Fear sent out <strong>Raikou</strong>!<br></div><div class="spacer battle-history"><br></div><div class="battle-history">Tyranitar, come back!<br></div><div class="battle-history">Go! <strong>Tentacruel</strong>!<br></div><div class="battle-history"><small>Tentacruel was hurt by the spikes!</small><br></div><div class="spacer battle-history"><br></div><div class="battle-history"><small>The opposing Raikou restored a little HP using its Leftovers!</small><br></div><div class="battle-history"><small>Tentacruel restored a little HP using its Leftovers!</small><br></div><div class="spacer battle-history"><br></div><h2 class="battle-history">Turn 22</h2><div class="chat message-error">Fear has 210 seconds left.</div><div class="spacer battle-history"><br></div><div class="battle-history">Tentacruel, come back!<br></div><div class="battle-history">Go! <strong>Gligar</strong>!<br></div><div class="spacer battle-history"><br></div><div class="battle-history">The opposing Raikou used <strong>Thunderbolt</strong>!<br></div><div class="battle-history"><small>It doesn't affect Gligar...</small><br></div><div class="spacer battle-history"><br></div><div class="battle-history"><small>The opposing Raikou restored a little HP using its Leftovers!</small><br></div><div class="spacer battle-history"><br></div><h2 class="battle-history">Turn 23</h2><div class="chat message-error">Fear has 210 seconds left.</div><div class="spacer battle-history"><br></div><div class="battle-history">The opposing Raikou used <strong>Hidden Power</strong>!<br></div><div class="battle-history"><small>It's super effective!</small><br></div><div class="battle-history"><small>(Gligar lost 100% of its health!)</small><br></div><div class="spacer battle-history"><br></div><div class="battle-history">Gligar fainted!<br></div><div class="chat message-error">Pleasure has 285 seconds left.</div><div class="chat message-error">Pleasure has 270 seconds left.</div><div class="chat message-error">Pleasure has 255 seconds left.</div><div class="spacer battle-history"><br></div><div class="battle-history">Go! <strong>Snorlax</strong>!<br></div><div class="battle-history"><small>Snorlax was hurt by the spikes!</small><br></div><div class="spacer battle-history"><br></div><div class="battle-history"><small>The opposing Raikou restored a little HP using its Leftovers!</small><br></div><div class="battle-history"><small>Snorlax restored a little HP using its Leftovers!</small><br></div><div class="spacer battle-history"><br></div><h2 class="battle-history">Turn 24</h2><div class="chat chatmessage-pleasure"><strong style="color:#4e7d2c"><small>☆</small><span class="username" data-name="Pleasure">Pleasure</span>:</strong> <em>hmmm</em></div><div class="chat message-error">Fear has 225 seconds left.</div><div class="chat message-error">Pleasure has 255 seconds left.</div><div class="chat message-error">Fear has 210 seconds left.</div><div class="chat message-error">Fear has 195 seconds left.</div><div class="spacer battle-history"><br></div><div class="battle-history">Snorlax used <strong>Lovely Kiss</strong>!<br></div><div class="battle-history"><small>The opposing Raikou fell asleep!</small><br></div><div class="spacer battle-history"><br></div><div class="battle-history">The opposing Raikou is fast asleep.<br></div><div class="spacer battle-history"><br></div><div class="battle-history"><small>The opposing Raikou restored a little HP using its Leftovers!</small><br></div><div class="battle-history"><small>Snorlax restored a little HP using its Leftovers!</small><br></div><div class="spacer battle-history"><br></div><h2 class="battle-history">Turn 25</h2><div class="chat message-error">Fear has 195 seconds left.</div><div class="spacer battle-history"><br></div><div class="battle-history">Fear withdrew Raikou!<br></div><div class="battle-history">Fear sent out <strong>Snorlax</strong>!<br></div><div class="spacer battle-history"><br></div><div class="battle-history">Snorlax, come back!<br></div><div class="battle-history">Go! <strong>Tentacruel</strong>!<br></div><div class="battle-history"><small>Tentacruel was hurt by the spikes!</small><br></div><div class="spacer battle-history"><br></div><div class="battle-history"><small>Tentacruel restored a little HP using its Leftovers!</small><br></div><div class="spacer battle-history"><br></div><h2 class="battle-history">Turn 26</h2><div class="chat message-error">Pleasure has 255 seconds left.</div><div class="spacer battle-history"><br></div><div class="battle-history">Tentacruel used <strong>Rapid Spin</strong>!<br></div><div class="battle-history"><small>(The opposing Snorlax lost 3% of its health!)</small><br></div><div class="battle-history"><small>The spikes disappeared from the ground around your team!</small><br></div><div class="spacer battle-history"><br></div><div class="battle-history">The opposing Snorlax used <strong>Double-Edge</strong>!<br></div><div class="battle-history"><small>(Tentacruel lost 50% of its health!)</small><br></div><div class="battle-history"><small>The opposing Snorlax was damaged by the recoil!</small><br></div><div class="spacer battle-history"><br></div><div class="battle-history"><small>Tentacruel restored a little HP using its Leftovers!</small><br></div><div class="battle-history"><small>The opposing Snorlax restored a little HP using its Leftovers!</small><br></div><div class="spacer battle-history"><br></div><h2 class="battle-history">Turn 27</h2><div class="spacer battle-history"><br></div><div class="battle-history">Tentacruel, come back!<br></div><div class="battle-history">Go! <strong>Machamp</strong>!<br></div><div class="spacer battle-history"><br></div><div class="battle-history">Fear withdrew Snorlax!<br></div><div class="battle-history">Fear sent out <strong>Misdreavus</strong>!<br></div><div class="spacer battle-history"><br></div><div class="battle-history"><small>The opposing Misdreavus restored a little HP using its Leftovers!</small><br></div><div class="spacer battle-history"><br></div><h2 class="battle-history">Turn 28</h2><div class="chat message-error">Pleasure has 255 seconds left.</div><div class="chat message-error">Pleasure has 240 seconds left.</div><div class="chat message-error">Fear has 195 seconds left.</div><div class="spacer battle-history"><br></div><div class="battle-history">Fear withdrew Misdreavus!<br></div><div class="battle-history">Fear sent out <strong>Vaporeon</strong>!<br></div><div class="spacer battle-history"><br></div><div class="battle-history">Machamp, come back!<br></div><div class="battle-history">Go! <strong>Tyranitar</strong>!<br></div><div class="battle-history"><small>Tyranitar was hurt by poison!</small><br></div><div class="spacer battle-history"><br></div><div class="battle-history"><small>The opposing Vaporeon restored a little HP using its Leftovers!</small><br></div><div class="battle-history"><small>Tyranitar restored a little HP using its Leftovers!</small><br></div><div class="spacer battle-history"><br></div><h2 class="battle-history">Turn 29</h2><div class="chat message-error">Pleasure has 240 seconds left.</div><div class="chat message-error">Fear has 195 seconds left.</div><div class="spacer battle-history"><br></div><div class="battle-history">Fear withdrew Vaporeon!<br></div><div class="battle-history">Fear sent out <strong>Forretress</strong>!<br></div><div class="spacer battle-history"><br></div><div class="battle-history">Tyranitar, come back!<br></div><div class="battle-history">Go! <strong>Raikou</strong>!<br></div><div class="spacer battle-history"><br></div><h2 class="battle-history">Turn 30</h2><div class="spacer battle-history"><br></div><div class="battle-history">Raikou, come back!<br></div><div class="battle-history">Go! <strong>Tentacruel</strong>!<br></div><div class="spacer battle-history"><br></div><div class="battle-history">The opposing Forretress used <strong>Spikes</strong>!<br></div><div class="battle-history"><small>Spikes were scattered on the ground all around your team!</small><br></div><div class="spacer battle-history"><br></div><div class="battle-history"><small>Tentacruel restored a little HP using its Leftovers!</small><br></div><div class="spacer battle-history"><br></div><h2 class="battle-history">Turn 31</h2><div class="chat message-error">Fear has 210 seconds left.</div><div class="spacer battle-history"><br></div><div class="battle-history">Fear withdrew Forretress!<br></div><div class="battle-history">Fear sent out <strong>Snorlax</strong>!<br></div><div class="spacer battle-history"><br></div><div class="battle-history">Tentacruel used <strong>Rapid Spin</strong>!<br></div><div class="battle-history"><small>(The opposing Snorlax lost 3% of its health!)</small><br></div><div class="battle-history"><small>The spikes disappeared from the ground around your team!</small><br></div><div class="spacer battle-history"><br></div><div class="battle-history"><small>Tentacruel restored a little HP using its Leftovers!</small><br></div><div class="battle-history"><small>The opposing Snorlax restored a little HP using its Leftovers!</small><br></div><div class="spacer battle-history"><br></div><h2 class="battle-history">Turn 32</h2><div class="chat message-error">Pleasure has 255 seconds left.</div><div class="chat message-error">Fear has 195 seconds left.</div><div class="spacer battle-history"><br></div><div class="battle-history">Tentacruel, come back!<br></div><div class="battle-history">Go! <strong>Machamp</strong>!<br></div><div class="spacer battle-history"><br></div><div class="battle-history">The opposing Snorlax used <strong>Double-Edge</strong>!<br></div><div class="battle-history"><small>(Machamp lost 46% of its health!)</small><br></div><div class="battle-history"><small>The opposing Snorlax was damaged by the recoil!</small><br></div><div class="spacer battle-history"><br></div><div class="battle-history"><small>Machamp restored a little HP using its Leftovers!</small><br></div><div class="battle-history"><small>The opposing Snorlax restored a little HP using its Leftovers!</small><br></div><div class="spacer battle-history"><br></div><h2 class="battle-history">Turn 33</h2><div class="chat message-error">Pleasure has 255 seconds left.</div><div class="chat message-error">Fear has 180 seconds left.</div><div class="chat message-error">Fear has 165 seconds left.</div><div class="spacer battle-history"><br></div><div class="battle-history">Fear withdrew Snorlax!<br></div><div class="battle-history">Fear sent out <strong>Skarmory</strong>!<br></div><div class="spacer battle-history"><br></div><div class="battle-history">Machamp used <strong>Curse</strong>!<br></div><div class="battle-history"><small>Machamp's Speed fell!</small><br></div><div class="battle-history"><small>Machamp's Attack rose!</small><br></div><div class="battle-history"><small>Machamp's Defense rose!</small><br></div><div class="spacer battle-history"><br></div><div class="battle-history"><small>Machamp restored a little HP using its Leftovers!</small><br></div><div class="spacer battle-history"><br></div><h2 class="battle-history">Turn 34</h2><div class="chat message-error">Pleasure has 255 seconds left.</div><div class="chat message-error">Fear has 165 seconds left.</div><div class="chat message-error">Pleasure has 240 seconds left.</div><div class="chat message-error">Pleasure has 225 seconds left.</div><div class="chat message-error">Pleasure has 210 seconds left.</div><div class="spacer battle-history"><br></div><div class="battle-history">The opposing Skarmory used <strong>Drill Peck</strong>!<br></div><div class="battle-history"><small>It's super effective!</small><br></div><div class="battle-history"><small>(Machamp lost 34% of its health!)</small><br></div><div class="spacer battle-history"><br></div><div class="battle-history">Machamp used <strong>Cross Chop</strong>!<br></div><div class="battle-history"><small>Machamp's attack missed!</small><br></div><div class="spacer battle-history"><br></div><div class="battle-history"><small>Machamp restored a little HP using its Leftovers!</small><br></div><div class="spacer battle-history"><br></div><h2 class="battle-history">Turn 35</h2><div class="chat message-error">Fear has 165 seconds left.</div><div class="spacer battle-history"><br></div><div class="battle-history">The opposing Skarmory used <strong>Drill Peck</strong>!<br></div><div class="battle-history"><small>It's super effective!</small><br></div><div class="battle-history"><small>(Machamp lost 36% of its health!)</small><br></div><div class="spacer battle-history"><br></div><div class="battle-history">Machamp used <strong>Rest</strong>!<br></div><div class="battle-history"><small>Machamp fell asleep!</small><br></div><div class="battle-history"><small>Machamp slept and became healthy!</small><br></div><div class="spacer battle-history"><br></div><h2 class="battle-history">Turn 36</h2><div class="chat message-error">Fear has 150 seconds left.</div><div class="spacer battle-history"><br></div><div class="battle-history">Machamp, come back!<br></div><div class="battle-history">Go! <strong>Tyranitar</strong>!<br></div><div class="battle-history"><small>Tyranitar was hurt by poison!</small><br></div><div class="spacer battle-history"><br></div><div class="battle-history">The opposing Skarmory used <strong>Drill Peck</strong>!<br></div><div class="battle-history"><small>It's not very effective...</small><br></div><div class="battle-history"><small>(Tyranitar lost 10% of its health!)</small><br></div><div class="spacer battle-history"><br></div><div class="battle-history"><small>Tyranitar restored a little HP using its Leftovers!</small><br></div><div class="spacer battle-history"><br></div><h2 class="battle-history">Turn 37</h2><div class="chat message-error">Pleasure has 210 seconds left.</div><div class="chat message-error">Fear has 150 seconds left.</div><div class="spacer battle-history"><br></div><div class="battle-history">Fear withdrew Skarmory!<br></div><div class="battle-history">Fear sent out <strong>Vaporeon</strong>!<br></div><div class="spacer battle-history"><br></div><div class="battle-history">Tyranitar, come back!<br></div><div class="battle-history">Go! <strong>Raikou</strong>!<br></div><div class="spacer battle-history"><br></div><h2 class="battle-history">Turn 38</h2><div class="chat message-error">Pleasure has 210 seconds left.</div><div class="spacer battle-history"><br></div><div class="battle-history">Raikou, come back!<br></div><div class="battle-history">Go! <strong>Snorlax</strong>!<br></div><div class="spacer battle-history"><br></div><div class="battle-history">Fear withdrew Vaporeon!<br></div><div class="battle-history">Fear sent out <strong>Raikou</strong>!<br></div><div class="spacer battle-history"><br></div><div class="battle-history"><small>The opposing Raikou restored a little HP using its Leftovers!</small><br></div><div class="battle-history"><small>Snorlax restored a little HP using its Leftovers!</small><br></div><div class="spacer battle-history"><br></div><h2 class="battle-history">Turn 39</h2><div class="spacer battle-history"><br></div><div class="battle-history">Fear withdrew Raikou!<br></div><div class="battle-history">Fear sent out <strong>Forretress</strong>!<br></div><div class="spacer battle-history"><br></div><div class="battle-history">Snorlax used <strong>Belly Drum</strong>!<br></div><div class="battle-history"><small>(Snorlax lost 49% of its health!)</small><br></div><div class="battle-history"><small>Snorlax cut its own HP and maximized its Attack!</small><br></div><div class="spacer battle-history"><br></div><div class="battle-history"><small>Snorlax restored a little HP using its Leftovers!</small><br></div><div class="spacer battle-history"><br></div><h2 class="battle-history">Turn 40</h2><div class="chat message-error">Fear has 150 seconds left.</div><div class="chat message-error">Fear has 135 seconds left.</div><div class="spacer battle-history"><br></div><div class="battle-history">The opposing Forretress used <strong>Spikes</strong>!<br></div><div class="battle-history"><small>Spikes were scattered on the ground all around your team!</small><br></div><div class="spacer battle-history"><br></div><div class="battle-history">Snorlax used <strong>Return</strong>!<br></div><div class="battle-history"><small>It's not very effective...</small><br></div><div class="battle-history"><small>(The opposing Forretress lost 51% of its health!)</small><br></div><div class="spacer battle-history"><br></div><div class="battle-history"><small>The opposing Forretress restored a little HP using its Leftovers!</small><br></div><div class="battle-history"><small>Snorlax restored a little HP using its Leftovers!</small><br></div><div class="spacer battle-history"><br></div><h2 class="battle-history">Turn 41</h2><div class="chat message-error">Pleasure has 225 seconds left.</div><div class="chat message-error">Fear has 135 seconds left.</div><div class="chat message-error">Pleasure has 210 seconds left.</div><div class="chat message-error">Fear has 120 seconds left.</div><div class="spacer battle-history"><br></div><div class="battle-history">Snorlax, come back!<br></div><div class="battle-history">Go! <strong>Tyranitar</strong>!<br></div><div class="battle-history"><small>Tyranitar was hurt by the spikes!</small><br></div><div class="battle-history"><small>Tyranitar was hurt by poison!</small><br></div><div class="spacer battle-history"><br></div><div class="battle-history">The opposing Forretress used <strong>Toxic</strong>!<br></div><div class="battle-history"><small>But it failed!</small><br></div><div class="spacer battle-history"><br></div><div class="battle-history"><small>Tyranitar restored a little HP using its Leftovers!</small><br></div><div class="battle-history"><small>The opposing Forretress restored a little HP using its Leftovers!</small><br></div><div class="spacer battle-history"><br></div><h2 class="battle-history">Turn 42</h2><div class="chat message-error">Fear has 120 seconds left.</div><div class="spacer battle-history"><br></div><div class="battle-history">Fear withdrew Forretress!<br></div><div class="battle-history">Fear sent out <strong>Vaporeon</strong>!<br></div><div class="spacer battle-history"><br></div><div class="battle-history">Tyranitar used <strong>Roar</strong>!<br></div><div class="spacer battle-history"><br></div><div class="battle-history"><strong>Misdreavus</strong> was dragged out!<br></div><div class="battle-history"><small>Tyranitar was hurt by poison!</small><br></div><div class="spacer battle-history"><br></div><div class="battle-history">Tyranitar fainted!<br></div><div class="chat message-error">Pleasure has 210 seconds left.</div><div class="spacer battle-history"><br></div><div class="battle-history">Go! <strong>Tentacruel</strong>!<br></div><div class="battle-history"><small>Tentacruel was hurt by the spikes!</small><br></div><div class="spacer battle-history"><br></div><div class="battle-history"><small>Tentacruel restored a little HP using its Leftovers!</small><br></div><div class="battle-history"><small>The opposing Misdreavus restored a little HP using its Leftovers!</small><br></div><div class="spacer battle-history"><br></div><h2 class="battle-history">Turn 43</h2><div class="chat chatmessage-pleasure"><strong style="color:#4e7d2c"><small>☆</small><span class="username" data-name="Pleasure">Pleasure</span>:</strong> <em>rly well played dude</em></div><div class="chat message-error">Pleasure has 195 seconds left.</div><div class="chat chatmessage-fear"><strong style="color:#99960b"><small>☆</small><span class="username" data-name="Fear">Fear</span>:</strong> <em>thanks</em></div><div class="chat chatmessage-pleasure"><strong style="color:#4e7d2c"><small>☆</small><span class="username" data-name="Pleasure">Pleasure</span>:</strong> <em>think the hpice roll on gligar</em></div><div class="chat chatmessage-pleasure"><strong style="color:#4e7d2c"><small>☆</small><span class="username" data-name="Pleasure">Pleasure</span>:</strong> <em>determined game tho</em></div><div class="chat message-error">Pleasure has 180 seconds left.</div><div class="chat message-error">Pleasure has 165 seconds left.</div><div class="spacer battle-history"><br></div><div class="battle-history">Fear withdrew Misdreavus!<br></div><div class="battle-history">Fear sent out <strong>Snorlax</strong>!<br></div><div class="spacer battle-history"><br></div><div class="battle-history">Tentacruel used <strong>Screech</strong>!<br></div><div class="battle-history"><small>The opposing Snorlax's Defense fell harshly!</small><br></div><div class="spacer battle-history"><br></div><div class="battle-history"><small>Tentacruel restored a little HP using its Leftovers!</small><br></div><div class="battle-history"><small>The opposing Snorlax restored a little HP using its Leftovers!</small><br></div><div class="spacer battle-history"><br></div><h2 class="battle-history">Turn 44</h2><div class="chat message-error">Pleasure has 165 seconds left.</div><div class="spacer battle-history"><br></div><div class="battle-history">Tentacruel used <strong>Sludge Bomb</strong>!<br></div><div class="battle-history"><small>(The opposing Snorlax lost 45% of its health!)</small><br></div><div class="battle-history"><small>The opposing Snorlax was poisoned!</small><br></div><div class="spacer battle-history"><br></div><div class="battle-history">The opposing Snorlax used <strong>Double-Edge</strong>!<br></div><div class="battle-history"><small>(Tentacruel lost 25% of its health!)</small><br></div><div class="spacer battle-history"><br></div><div class="battle-history">Tentacruel fainted!<br></div><div class="battle-history"><small>The opposing Snorlax was damaged by the recoil!</small><br></div><div class="chat message-error">Pleasure has 165 seconds left.</div><div class="chat message-error">Pleasure has 150 seconds left.</div><div class="chat chatmessage-fear"><strong style="color:#99960b"><small>☆</small><span class="username" data-name="Fear">Fear</span>:</strong> <em>i had to sacrifice a lot of turns and skarms lefties</em></div><div class="chat chatmessage-fear"><strong style="color:#99960b"><small>☆</small><span class="username" data-name="Fear">Fear</span>:</strong> <em>to have a shot on that roll</em></div><div class="chat message-error">Pleasure has 135 seconds left.</div><div class="chat chatmessage-fear"><strong style="color:#99960b"><small>☆</small><span class="username" data-name="Fear">Fear</span>:</strong> <em>fair comment tho</em></div><div class="chat chatmessage-pleasure"><strong style="color:#4e7d2c"><small>☆</small><span class="username" data-name="Pleasure">Pleasure</span>:</strong> <em>i mean i predicted u goin for it</em></div><div class="chat chatmessage-pleasure"><strong style="color:#4e7d2c"><small>☆</small><span class="username" data-name="Pleasure">Pleasure</span>:</strong> <em>went for counter</em></div><div class="chat chatmessage-pleasure"><strong style="color:#4e7d2c"><small>☆</small><span class="username" data-name="Pleasure">Pleasure</span>:</strong> <em>not eq</em></div><div class="chat message-error">Pleasure has 120 seconds left.</div><div class="spacer battle-history"><br></div><div class="battle-history">Go! <strong>Snorlax</strong>!<br></div><div class="battle-history"><small>Snorlax was hurt by the spikes!</small><br></div><div class="spacer battle-history"><br></div><div class="battle-history"><small>Snorlax restored a little HP using its Leftovers!</small><br></div><div class="battle-history"><small>The opposing Snorlax restored a little HP using its Leftovers!</small><br></div><div class="spacer battle-history"><br></div><h2 class="battle-history">Turn 45</h2><div class="chat message-error">Pleasure has 120 seconds left.</div><div class="spacer battle-history"><br></div><div class="battle-history">Snorlax, come back!<br></div><div class="battle-history">Go! <strong>Raikou</strong>!<br></div><div class="battle-history"><small>Raikou was hurt by the spikes!</small><br></div><div class="spacer battle-history"><br></div><div class="battle-history">The opposing Snorlax used <strong>Rest</strong>!<br></div><div class="battle-history"><small>The opposing Snorlax fell asleep!</small><br></div><div class="battle-history"><small>The opposing Snorlax slept and became healthy!</small><br></div><div class="spacer battle-history"><br></div><div class="battle-history"><small>Raikou restored a little HP using its Leftovers!</small><br></div><div class="spacer battle-history"><br></div><h2 class="battle-history">Turn 46</h2><div class="chat chatmessage-pleasure"><strong style="color:#4e7d2c"><small>☆</small><span class="username" data-name="Pleasure">Pleasure</span>:</strong> <em>gg</em></div><div class="chat message-error">Pleasure has 120 seconds left.</div><div class="chat chatmessage-fear"><strong style="color:#99960b"><small>☆</small><span class="username" data-name="Fear">Fear</span>:</strong> <em>gg</em></div><div class="spacer battle-history"><br></div><div class="battle-history"><small>Pleasure forfeited.</small><br></div><div class="spacer battle-history"><br></div><div class="battle-history"><strong>Fear</strong> won the battle!<br></div></div><div class="inner-preempt"></div></div></div>
</div>
<script>
let daily = Math.floor(Date.now()/1000/60/60/24);document.write('<script src="https://play.pokemonshowdown.com/js/replay-embed.js?version'+daily+'"></'+'script>');
</script>
